4236 5624
1814 740 1853 802 41

182 909 273 985 Quae
295 904 422 989 ingenia
444 902 518 968 licet
541 901 592 966 lex
615 900 813 966 Christianae
843 899 1014 982 patientiae
1038 897 1126 961 nobis
1154 899 1315 980 proposita
1339 899 1386 963 rel
1415 899 1518 978 potius
1540 898 1679 977 inposita
1700 897 1855 977 inprobet

187 1017 220 1074 et
239 1007 279 1074 ab
300 1008 340 1072 iis
358 1004 510 1088 postulet,
528 1011 564 1067 ut
585 1010 717 1068 naturae
736 1005 940 1085 asperitatem
963 1000 1160 1086 rigidamque
1181 1022 1302 1066 morum
1324 1002 1512 1086 gravitatem
1527 1008 1559 1066 et
1573 999 1732 1064 obfirmati
1751 1000 1852 1064 animi

185 1106 377 1172 voluntatem
392 1103 543 1186 frangant
562 1103 730 1185 altiorique
753 1105 889 1168 numinis
905 1103 1057 1168 voluntati
1081 1107 1252 1182 subiciant,
1275 1128 1332 1172 nos
1346 1115 1466 1177 tamen,
1490 1107 1516 1169 si
1531 1111 1674 1171 veterum
1691 1102 1853 1168 sentiendi

185 1210 340 1274 rationem
364 1206 563 1289 respicimus.
595 1225 656 1269 nou
686 1225 849 1287 possumus
879 1227 942 1272 uon
974 1206 1109 1288 probare
1132 1209 1237 1276 Aiacis
1264 1209 1398 1274 arduum
1420 1216 1452 1273 et
1481 1216 1627 1272 constans
1648 1205 1851 1281 desiderium,

182 1314 234 1378 cui
260 1319 346 1376 totus
367 1309 494 1377 deditus
516 1314 648 1373 mortem
672 1309 731 1373 sibi
755 1318 886 1391 exoptat
907 1319 939 1375 et
959 1317 1100 1376 extremo
1123 1313 1190 1394 ipse
1212 1324 1317 1394 parat,
1340 1315 1435 1379 etiam
1459 1315 1532 1377 buic
1553 1312 1682 1397 ingenio
1704 1311 1851 1375 ultimam

184 1417 374 1482 medicinam
395 1411 483 1495 (ibid.
506 1431 532 1475 r.
556 1416 626 1476 361,
652 1416 722 1476 391.
747 1418 807 1478 394
830 1433 897 1495 sqq.
920 1419 990 1483 686.
1014 1423 1084 1484 690.
1109 1425 1169 1487 815
1193 1432 1281 1504 sqq).
1334 1419 1497 1485 Moriendo
1519 1420 1603 1484 enirn
1625 1414 1779 1482 eiusmodi
1802 1414 1850 1478 in·

185 1522 311 1606 geniurn
334 1516 448 1583 0101111
469 1518 572 1598 ipsum
595 1522 628 1579 et
650 1516 872 1582 inmortalibus
894 1519 954 1585 diis
974 1525 1051 1589 satis
1074 1525 1150 1590 facit
1170 1531 1300 1606 propter
1322 1525 1451 1590 nimiam
1473 1525 1672 1590 insolentiam
1688 1521 1851 1587 fiduciam·

185 1648 248 1710 que
274 1625 377 1700 iratis,
405 1623 575 1704 sapiatque
598 1619 730 1695 scelera,
760 1621 792 1683 in
819 1642 900 1704 quae
921 1633 1030 1689 ruerat
1052 1648 1091 1691 ex
1113 1626 1192 1690 dura
1214 1632 1247 1690 et
1267 1627 1367 1691 atroci
1391 1637 1516 1697 natura.
1547 1626 1766 1692 simulantem
1789 1642 1853 1689 uno

186 1733 251 1795 ictu
273 1727 386 1793 medici
409 1727 511 1790 instar
532 1723 622 1808 (ibid.
647 1745 671 1787 v.
695 1727 771 1790 ott:
807 1719 845 1789 ori
870 1725 953 1810 πρὸς
984 1725 1100 1814 luepori
1120 1736 1231 1812 σοφοῦ
1262 1738 1398 1815 θρηνεῖν
1428 1731 1561 1817 ἐπῳδὰς
1594 1731 1679 1818 πρὸς
1707 1730 1854 1810 sonaim

188 1829 336 1916 πήματι)
351 1831 413 1895 1010
434 1826 518 1893 mala
539 1826 636 1902 tollit,
657 1847 739 1909 quae
762 1829 887 1911 gravius
904 1830 1088 1916 plerumque
1110 1836 1271 1920 ingenium
1286 1836 1400 1902 durum
1422 1847 1453 1904 et
1476 1837 1632 1902 fervidum
1653 1863 1748 1925 quam
1772 1841 1849 1910 mito

187 1946 298 2020 urgent
322 1942 354 2000 et
375 1932 544 2016 placidum.
596 1931 722 2013 Optime
746 1941 852 1997 autem
880 1934 958 1999 illud
982 1939 1085 2004 Aiacis
1114 1941 1288 2025 ingenium,
1318 1941 1401 2025 quod
1430 1965 1601 2026 numquam
1625 1945 1771 2024 flectitur,
1800 1945 1853 2015 his

188 2042 291 2109 serbis
312 2039 605 2106 0010110001’.173;
629 2031 763 2123 αἰσχρὸν
779 2035 841 2122 yrip
856 2029 961 2125 ἄνδρα
979 2044 1039 2104 τοῦ
1056 2047 1185 2129 μακροῦ
1203 2041 1334 2130 χρῄζειν
1354 2043 1441 2127 βίου,
1466 2054 1617 2113 κακοῖσιν
1639 2048 1731 2129 ὅσης
1748 2054 1853 2138 μηδέ,

186 2141 427 2225 ἕξαλλάσσεται
449 2187 510 2205 ...
534 2134 607 2204 ἀλλ’
631 2131 652 2222 ἢ
673 2141 783 2215 καλῶς
807 2141 862 2223 ζῆν
884 2134 904 2222 ἢ
926 2142 1036 2218 καλῶς
1058 2147 1253 2230 τεθνηκέναι
1277 2147 1335 2212 τὸν
1357 2143 1469 2236 εὐγενῆ
1488 2151 1558 2237 χρὴ.
1585 2150 1681 2217 πάντ’
1704 2149 1853 2241 cincinnos

189 2246 297 2330 λόγον.
328 2244 390 2310 Sed
413 2266 452 2309 ne
474 2241 572 2306 durus
593 2241 720 2324 quidem
743 2243 835 2315 Aiax,
859 2254 924 2308 tam
947 2246 1094 2327 gravibus
1116 2251 1293 2333 exagitatus
1316 2253 1406 2317 malis
1428 2263 1556 2336 tamque
1577 2256 1701 2322 ardenti
1722 2267 1753 2322 01
1777 2281 1850 2324 con·

187 2357 285 2420 stanti
308 2352 417 2417 mortis
437 2348 592 2415 desiderio
614 2355 699 2413 totus
722 2349 862 2424 deditus,
886 2350 997 2416 leviter
1018 2352 1057 2416 rlo
1081 2353 1145 2418 sita
1167 2354 1316 2423 decessit:
1344 2356 1398 2420 sed
1422 2360 1476 2439 qui
1498 2359 1548 2421 rix
1571 2380 1720 2443 umquam
1742 2361 1855 2428 molles

188 2459 287 2523 animi
313 2454 456 2520 adfectus
481 2474 544 2517 non
571 2453 736 2534 repressit,
765 2453 838 2518 duur
870 2454 953 2518 laeta
975 2458 1038 2519 ritn
1060 2457 1229 2529 fruebatur,
1257 2462 1284 2525 is
1307 2470 1380 2525 tnnc
1404 2465 1497 2527 morti
1529 2487 1561 2529 se
1593 2465 1766 2531 traditums
1787 2488 1852 2532 non

188 2560 289 2627 solum
311 2559 410 2622 filium
434 2555 552 2621 blando
578 2577 684 2621 amore
709 2565 742 2621 01
772 2558 952 2642 coniugem,
984 2570 1105 2639 patrem
1128 2570 1323 2647 matremque
1347 2567 1452 2630 animo
1475 2567 1659 2632 recordatur
1681 2591 1854 2652 caramque

188 2665 393 2730 Salaminiam
415 2661 566 2742 patriam,
587 2660 707 2741 patrios
731 2661 839 2735 Lares,
863 2671 1028 2746 cognatam
1053 2666 1294 2732 Atheniensium
1318 2671 1442 2735 urbem.
1464 2693 1572 2735 rernm
1594 2674 1689 2737 etiarn
1712 2673 1853 2741 sontibus

190 2771 347 2839 Troianis,
369 2766 560 2841 llurrrinibus,
583 2766 717 2847 campis.
740 2766 854 2848 quibus
874 2767 1057 2847 perdecem
1081 2790 1179 2834 annos
1201 2770 1418 2844 delectaretur,
1452 2782 1571 2837 maesto
1592 2777 1699 2842 animo
1722 2780 1855 2849 multam

190 2878 268 2942 dicit
287 2875 419 2939 salutem
444 2868 532 2946 (ibid.
555 2891 583 2935 r.
606 2874 666 2935 815
688 2876 770 2952 sqq.)
792 2870 839 2932 sic
858 2867 1027 2933 ostendens
1050 2877 1181 2932 mortem
1205 2870 1300 2932 etiam
1324 2870 1378 2936 iis.
1410 2872 1464 2953 qui
1487 2872 1610 2938 sincero
1633 2875 1790 2943 desiderio
1811 2879 1855 2947 de

191 2987 256 3050 rita
277 2980 444 3055 decedant,
469 2977 618 3044 acerbum
643 2998 708 3042 esse
737 2987 832 3060 atque
863 2976 966 3040 dirum
998 2975 1128 3039 malurn.
1157 2972 1241 3056 quod
1273 2974 1378 3039 felices
1409 2983 1441 3040 et
1468 2978 1522 3059 qui
1554 2999 1610 3059 spe
1633 3003 1695 3045 non
1724 3005 1856 3065 proram

190 3093 300 3153 carent
324 3082 430 3149 subire
451 3081 583 3166 fugiant.

320 3184 486 3268 Euripides
507 3184 656 3265 deniqne.
691 3185 744 3265 qni
769 3180 929 3245 bominum
952 3180 1074 3244 animos
1098 3179 1177 3243 bene
1200 3183 1344 3265 cognorit
1367 3203 1537 3268 eorumque
1561 3189 1689 3253 intimos
1710 3190 1855 3261 adlectus

193 3304 258 3359 tam
280 3290 429 3356 adcurate
451 3287 603 3369 inspexit.
636 3286 794 3366 inspectos
823 3289 888 3346 tani
918 3279 1077 3345 subtiliter
1107 3280 1249 3362 exposuit
1282 3302 1376 3363 quam
1407 3285 1457 3347 vix
1487 3284 1569 3349 alius
1590 3299 1684 3370 poeta
1705 3294 1855 3375 tragicus,

193 3391 300 3458 multis
320 3386 474 3469 exemplis
493 3384 600 3448 docuit-
621 3383 776 3448 malorum
798 3383 954 3465 gravitate
977 3380 1118 3447 homines
1140 3384 1186 3447 ita
1209 3384 1303 3449 adfici
1328 3407 1432 3467 posse,
1460 3397 1495 3452 nt
1516 3390 1643 3470 inpares
1665 3392 1743 3458 11001
1766 3404 1856 3464 tanto

190 3496 282 3579 quasi
305 3491 436 3575 ponderi
459 3487 654 3571 perferendo.
697 3489 742 3552 Ac
763 3488 899 3568 primurn
922 3483 1049 3568 quidem
1073 3485 1208 3557 1000010,
1232 3509 1311 3570 quae
1335 3491 1367 3552 in
1391 3489 1546 3555 Phoenica.
1572 3501 1692 3561 01181
1715 3500 1858 3579 professa

194 3607 241 3663 est
263 3617 333 3661 curn
353 3594 428 3658 filiis
446 3598 502 3657 aut
523 3593 676 3655 victuram
699 3613 732 3656 se
754 3597 810 3654 aut
832 3590 1017 3654 morituram
1040 3608 1121 3653 esse.
1145 3597 1176 3653 et
1200 3590 1270 3655 dira
1294 3591 1383 3656 clade
1406 3605 1574 3677 conspecta
1598 3599 1667 3680 ipsa
1688 3602 1749 3666 sibi
1773 3604 1859 3672 terro

192 3700 366 3768 emortuis
394 3701 537 3763 extracto
560 3694 657 3758 sitam
685 3694 801 3774 eripuit
831 3692 920 3765 (ibid.
944 3711 970 3755 s.
999 3696 1106 3766 1156),
1137 3711 1198 3754 non
1229 3694 1331 3772 potuit
1360 3693 1443 3759 ferre
1472 3707 1544 3777 post
1573 3704 1620 3763 tot
1649 3702 1745 3777 mala,
1776 3727 1859 3790 qnae

195 3806 310 3870 nrisera
326 3801 439 3883 Oedipi
462 3801 599 3866 coniunx
619 3806 667 3863 est
690 3819 795 3880 passa,
819 3800 914 3863 etiam
933 3796 1045 3860 ultima
1063 3797 1174 3859 matris
1196 3817 1265 3877 spe.
1288 3818 1369 3879 quae
1387 3800 1419 3861 10
1437 3799 1510 3864 tiliis
1527 3809 1575 3865 est
1591 3804 1707 3884 posita.
1732 3807 1859 3887 privari,

197 3907 321 3993 lngenti
343 3906 442 3989 igitur
464 3911 594 3986 propter
617 3903 734 3967 occisos
756 3901 838 3966 filios
868 3902 977 3968 dolore
1008 3912 1160 3984 conrepta
1185 3926 1286 3987 aeqrm
1308 3915 1408 3970 morto
1432 3906 1555 3973 locasta
1576 3909 1615 3976 de
1639 3915 1703 3976 rita
1725 3914 1860 3981 «10000011

194 4011 282 4086 (ibid.
308 4033 332 4073 v.
360 4014 457 4076 ¹578:
487 3999 559 4086 ἔχει
581 4007 701 4072 τέκνων
722 3999 815 4071 10εᾶ
839 4000 928 4092 ἀμφὶ
947 4008 1138 4089 τέκνοισιν),
1170 4007 1260 4071 iratis
1288 4008 1379 4088 stirpi
1405 4007 1657 4077 Labdacidarum
1684 4015 1745 4078 diis
1767 4018 1857 4083 00110

196 4118 314 4181 1001000
335 4123 368 4179 01
390 4111 483 4177 simul
507 4110 754 4176 intolerabilium
777 4109 931 4174 malorum
957 4128 1114 4192 quaerens
1137 4110 1334 4175 medicinam.
1368 4148 1408 4158 —
1444 4112 1481 4176 lrr
1505 4115 1614 4180 eadem
1642 4118 1747 4183 sabula
1770 4121 1861 4189 fortis

197 4219 370 4300 Antigona,
392 4215 568 4281 honestatis
588 4214 778 4296 pietatisque
800 4233 892 4277 sensu
914 4213 1040 4279 inbuta.
1062 4214 1130 4276 inre
1155 4220 1277 4277 0000001
1301 4212 1444 4278 Creontis
1466 4217 1531 4281 tilio
1555 4220 1673 4286 nubere
1695 4224 1857 4292 misorum·

194 4345 259 4409 que
282 4322 426 4387 ‹leserere
449 4326 585 4403 patrem,
614 4318 763 4402 quoniam
794 4338 847 4383 eas
874 4317 1014 4398 nuptias.
1046 4317 1161 4399 quibus
1183 4317 1215 4379 10
1239 4317 1390 4383 familiam
1420 4320 1488 4385 eius
1516 4323 1573 4386 siri
1597 4325 1776 4406 recipiatur,
1805 4334 1863 4416 qni

198 4431 290 4490 tauta
312 4421 499 4487 crudelitate
523 4421 556 4484 in
577 4428 700 4501 patrem
723 4419 922 4502 occisumque
950 4417 1081 4483 fratrem
1110 4420 1269 4489 saerierit,
1303 4428 1334 4486 01
1366 4422 1455 4489 foede
1477 4424 1634 4491 desertum
1659 4438 1782 4511 patrem
1804 4457 1864 4518 pro

196 4539 287 4596 tanto
309 4526 394 4592 malo
415 4525 463 4591 rel
485 4526 604 4592 seelera
629 4524 760 4599 habeat,
782 4531 935 4606 quantum
957 4526 1084 4609 gravius
1104 4527 1145 4590 sit
1167 4528 1237 4609 ipsa
1259 4538 1358 4593 morte
1382 4529 1472 4612 (ibid.
1495 4539 1631 4600 01673.
1654 4542 1703 4601 75.
1729 4546 1777 4605 77.
1800 4544 1865 4629 88)

196 4655 292 4716 quam
315 4652 379 4696 uua
409 4650 479 4694 cum
509 4639 600 4713 pane
630 4629 718 4695 obire
749 4629 845 4710 eupit.
878 4665 919 4676 -
950 4628 986 4692 ln
1015 4628 1136 4694 Orestis
1157 4629 1272 4694 deinde
1302 4630 1409 4696 fabula
1439 4644 1468 4698 et
1500 4644 1629 4716 propter
1658 4660 1864 4721 personam„

199 4737 359 4822 agentium
383 4735 559 4801 sententias
579 4743 612 4800 et
633 4739 765 4816 propter
786 4733 942 4815 Apollinis
965 4734 1059 4797 nimis
1080 4734 1273 4816 inperiosnrn
1295 4736 1448 4800 auxilinm
1472 4738 1571 4822 mrrgis
1593 4743 1747 4828 singulari
1770 4772 1865 4834 qum

201 4842 377 4925 praeclara,
406 4839 535 4907 Electa
559 4847 608 4905 tot
632 4839 714 4904 mala
745 4858 839 4920 passa
860 4859 932 4903 curn
955 4839 1064 4909 tratre.
1096 4843 1337 4918 praeterquam
1365 4839 1482 4904 nullam
1507 4841 1603 4911 babet
1631 4869 1734 4931 spem,
1765 4854 1868 4923 liber-2

201 4951 303 5011 morte
323 4946 403 5012 mori
422 4965 518 5030 qnam
540 4943 582 5010 ab
606 4945 722 5028 Argivo
746 4943 813 5006 rito
833 4942 933 5008 occidi
955 4940 1158 5023 mavult(clr.
1175 4963 1201 5005 s.
1223 4946 1325 5023 1037).
1361 4943 1400 5007 Et
1417 4952 1503 5012 recte
1519 4950 1658 5034 quidem.
1694 4955 1867 5045 Numquid

200 5048 391 5134 relinquitur
420 5048 666 5135 Agamemnonis
696 5046 797 5121 filiae,
825 5045 852 5110 si
880 5044 980 5110 trater
1005 5047 1125 5111 0001οι0
1152 5053 1214 5110 est.
1243 5046 1332 5110 cuim
1360 5045 1531 5117 0110010οι
1558 5060 1647 5120 10010
1673 5065 1870 5142 asportavit

1677 5181 1693 5231 b
