4236 5624
223 716 265 774 14

224 876 357 960 coniuge
379 873 529 938 morienti
551 872 645 948 mori,
667 893 764 956 quam
784 870 882 954 prisci
900 869 1016 936 Graeci
1039 884 1208 947 eorumque
1230 864 1348 931 similes
1369 864 1466 930 etiam
1487 863 1545 929 illa
1563 871 1667 930 aetate
1688 873 1747 931 ant
1769 864 1899 949 ignon-

223 980 303 1047 bant
324 982 379 1042 aut
399 975 630 1057 inprobabant,
652 997 679 1041 v.
694 981 774 1040 1401
788 972 906 1054 repetit
920 971 1058 1049 Helena3
1077 967 1133 1034 sed
1148 968 1240 1034 dolus
1260 969 1449 1035 feminarum
1469 969 1662 1053 deorumque
1681 971 1901 1053 propitiorum

224 1090 437 1169 opportunum
457 1082 610 1147 aemilium
631 1086 780 1147 avertunt
800 1079 968 1163 quominus
995 1075 1117 1142 Helena
1145 1079 1178 1138 et
1204 1071 1366 1138 Menelaus
1387 1093 1423 1138 re
1445 1094 1520 1139 vera
1540 1080 1696 1158 cogantur
1717 1076 1901 1154 aarum,

223 1210 298 1253 unm
321 1186 419 1253 etiam
439 1184 592 1267 perticere
615 1185 753 1267 possint,
781 1205 864 1267 quae
883 1183 1079 1264 perfecturos
1108 1202 1141 1245 se
1169 1198 1237 1243 esse
1263 1177 1398 1260 professi
1420 1185 1502 1247 sunt
1551 1180 1619 1258 Quo
1641 1180 1766 1246 sactum
1793 1190 1844 1248 est
1863 1188 1900 1248 ut

222 1295 403 1358 servaretur
417 1288 545 1371 quidem
561 1286 685 1351 Helena
700 1307 772 1351 cum
791 1285 908 1350 dilecto
927 1285 1057 1364 marito,
1079 1303 1154 1346 num
1170 1282 1256 1347 tama
1270 1282 1426 1359 Helenae,
1448 1282 1534 1364 apud
1548 1283 1741 1364 posteriores
1758 1284 1899 1350 Graecos

222 1394 363 1461 levitatis
390 1391 516 1456 macula
544 1391 646 1474 magis
674 1389 826 1470 adspersa
853 1407 948 1470 quam
976 1382 1062 1464 apud
1092 1387 1227 1457 veteres,
1256 1380 1316 1446 hoc
1338 1381 1501 1463 Euripidis
1531 1383 1602 1446 nisu
1633 1389 1763 1448 servata
1785 1384 1827 1447 sit
1849 1383 1898 1449 rel

223 1503 329 1584 potins
351 1497 515 1571 restituta,
538 1514 595 1557 nos
617 1491 786 1557 adfirmare
808 1511 872 1554 non
893 1487 1052 1554 audemus.
1095 1485 1170 1566 Ipsa
1191 1484 1320 1568 quidem
1342 1485 1495 1569 Tyndaris
1517 1506 1659 1567 sperasse
1680 1485 1812 1550 videtur
1830 1485 1898 1551 sore

224 1609 271 1680 nt,
291 1603 318 1666 si
336 1597 542 1665 inrevocabili
563 1596 740 1661 constantia
755 1594 796 1659 ad
814 1599 949 1659 mortem
964 1599 1159 1668 recurreret,
1180 1591 1343 1659 moriendo
1360 1614 1508 1677 magnam
1530 1594 1590 1658 sibi
1612 1599 1744 1674 pararet
1760 1593 1897 1678 gloriam

224 1705 314 1789 (ibid.
338 1726 366 1770 v.
390 1705 467 1767 841:
494 1702 564 1775 πῶς
587 1689 644 1762 οὖν
668 1691 856 1777 θανούμεθ’
880 1692 966 1759 ὥστε
988 1692 1164 1770 καὶδόξαν
1184 1696 1340 1778 ludria),
1363 1718 1444 1779 quae
1469 1696 1645 1761 honestatis
1665 1695 1788 1760 famam
1811 1694 1896 1778 apud

225 1808 363 1874 Graecos
384 1804 581 1876 restitueret,
603 1823 698 1885 quam
719 1821 808 1882 spem
829 1821 884 1863 eur
905 1803 1015 1881 postea
1032 1797 1262 1862 renuntiaverit
1285 1819 1341 1862 uos
1362 1799 1558 1882 ignoramus,
1581 1799 1641 1862 nisi
1657 1798 1797 1862 fortasse
1813 1799 1895 1863 vitae

225 1907 440 1974 iucunditates
462 1909 529 1970 iure
552 1903 800 1985 praestantiores
814 1901 1005 1966 existimarit
1026 1920 1121 1980 quam
1137 1906 1272 1966 mortem
1294 1901 1472 1985 gloriosam.
1489 1940 1531 1949 —
1553 1903 1660 1985 Longe
1675 1906 1788 1966 autem
1803 1921 1894 1982 prae-

225 2011 450 2085 clarissimum,
473 2029 536 2091 qua
551 2006 665 2070 intima
679 2003 899 2068 coniunctione
920 2023 992 2065 cum
1006 2001 1119 2065 marito
1138 2006 1245 2069 uxoris
1259 2006 1383 2071 animus
1401 2014 1507 2087 posset
1522 2006 1688 2082 coaluisse,
1711 2005 1894 2086 exemplum

225 2117 317 2183 nobis
346 2114 543 2197 propositum
572 2116 621 2177 est
648 2111 682 2173 in
704 2108 889 2189 Supplicum
917 2104 1039 2179 fabula,
1069 2105 1153 2186 quod
1182 2113 1301 2189 quanto
1332 2109 1433 2172 rarius
1462 2110 1547 2175 inter
1578 2109 1723 2174 homiues
1755 2109 1894 2175 Graecos

225 2216 424 2294 occurrebat,
447 2222 537 2280 tanto
558 2213 731 2278 maioribus
752 2210 899 2276 laudibus
917 2231 937 2274 a
955 2210 1056 2291 poetis
1075 2211 1295 2279 extollebatur.
1328 2213 1505 2278 Exhibctur
1518 2214 1605 2278 enim
1620 2211 1755 2278 Evadna
1770 2212 1893 2297 ingenti

224 2323 342 2391 amoris
362 2320 468 2384 furore
491 2322 642 2396 conrepta
665 2315 734 2399 (cfr.
757 2337 784 2379 v.
811 2320 900 2380 1001:
925 2312 1231 2397 ἐκβακχευσαμένα)
1252 2317 1345 2381 domo
1372 2318 1577 2401 progrediens
1604 2325 1636 2385 et
1665 2317 1708 2382 ad
1730 2326 1892 2382 mortuum

224 2447 320 2492 ruens
341 2424 506 2496 maritum,
535 2426 571 2482 ut
592 2417 733 2484 eiusdem
754 2417 837 2500 ignis
858 2415 1014 2491 flammae,
1044 2415 1184 2482 eiusdem
1205 2419 1341 2499 sepulcri
1369 2442 1431 2503 quo
1455 2421 1617 2502 Capaneus
1640 2421 1807 2503 particeps
1829 2419 1892 2495 fiat,

224 2528 259 2607 ἐς
274 2529 393 2592 Ἅιδαν
410 2519 627 2589 καιαλόσουό
646 2521 818 2602 εμμοχθσν
840 2517 955 2601 βίοτον
976 2518 1096 2598 αιίῦνός
1118 2546 1153 2587 σε
1174 2523 1306 2602 πόνους·
1331 2524 1465 2611 ἥδιστος
1488 2527 1550 2612 γάρ
1570 2549 1625 2590 τοι
1638 2524 1795 2603 θάνατος
1817 2548 1892 2592 σαν-

106 2665 109 2670 ·
225 2629 385 2717 θνήσκειν
400 2624 584 2712 θνήσκουσι
607 2622 730 2708 φίλοις,
754 2620 784 2688 εί
803 2622 932 2706 δαίμων
947 2624 1026 2691 τάδε
1043 2626 1171 2714 κραίνοι
1184 2630 1274 2713 (ibid.
1287 2655 1313 2696 v.
1330 2633 1432 2716 1004).
1466 2633 1616 2697 Parentes
1633 2631 1741 2716 igitur,
1764 2631 1891 2707 liberos

224 2738 332 2802 omnia
352 2756 428 2800 cara
446 2732 608 2815 postponit
636 2731 684 2794 illi
710 2753 772 2814 quo
802 2730 842 2797 ad
871 2736 1004 2797 mortem
1026 2733 1128 2799 fertur
1148 2735 1284 2818 inpetui,
1316 2739 1454 2822 egregiis
1482 2747 1514 2804 et
1534 2760 1607 2802 rere
1627 2735 1893 2823 τραχικιονάεοις

223 2838 275 2903 his
295 2837 414 2914 verbis,
448 2857 528 2918 quae
553 2835 658 2898 omnia
687 2833 860 2898 adferenda
877 2833 1031 2910 videntur,
1054 2837 1152 2899 animi
1182 2839 1389 2904 clarissimum
1414 2846 1447 2904 et
1476 2840 1708 2904 sanctissimum
1730 2836 1893 2904 adfectum

221 2945 396 3010 inlustrans
417 2964 444 3009 v.
471 2949 550 3007 1014
572 2962 656 3023 sqq.:
691 2943 747 3024 τῆς
774 2934 925 3015 εὐκλείας
951 2937 1048 3027 χάριν
1069 2937 1167 3006 ἔνθεν
1189 2939 1326 3030 ὁρμάσω
1349 2940 1441 3008 τάσδ’
1465 2938 1535 3007 άπὸ
1559 2943 1684 3030 πέτρας
1708 2939 1893 3027 πηδήσασα

223 3050 328 3134 πυρὸς
351 3046 426 3112 ἔσαν.
452 3043 547 3126 σῶμά
565 3045 592 3107 τ’
610 3042 735 3108 αἴθοπι
759 3045 901 3128 φλοχμιῦ
924 3039 1024 3108 πόσει
1044 3042 1235 3126 συμμίξασα
1255 3046 1365 3133 φίλον,
1389 3050 1500 3135 χρῶτα
1522 3044 1623 3134 χρωτί
1638 3043 1746 3121 πέλας
1762 3044 1892 3121 θεμένα

223 3149 476 3238 Περσεφονείας
497 3145 594 3235 [ἥξω]
612 3147 798 3231 θαλάμους,
821 3150 858 3215 σὲ
875 3147 929 3214 τόν
951 3147 1085 3216 θανόντ’
1104 3146 1220 3217 οὔποτ’
1235 3151 1299 3241 ἐμᾷ
1320 3153 1495 3239 προδοῦσα
1514 3151 1605 3237 ψυχᾷ
1627 3143 1713 3214 κατὰ
1735 3150 1809 3232 γᾶς.
1833 3143 1893 3213 ἴτω

224 3261 298 3338 φῶς
327 3253 429 3339 γάμοι
457 3279 502 3318 τε.
535 3251 610 3319 εἴθε
636 3254 723 3330 τινὲς
753 3250 844 3319 εὐναί
873 3251 1011 3318 δικαίων
1045 3249 1209 3335 ὑμεναίων
1239 3252 1273 3318 ἐν
1296 3247 1412 3339 Ἄργει
1441 3255 1593 3337 φανῶσιν
1621 3250 1766 3326 τέκνοις,
1798 3244 1892 3324 ὅσιος

224 3349 254 3417 δ’
275 3348 406 3428 εὐναῖος
429 3353 574 3435 γαμέτας
597 3353 792 3432 συντηχθεὶς
815 3345 933 3437 αίίραις
956 3345 1092 3428 άδόλοις
1114 3354 1265 3435 prr-aias
1287 3358 1396 3442 ψυχάς
1416 3353 1537 3441 ἀλόχῳ.
1567 3357 1670 3437 Atque
1692 3352 1891 3436 sicquidem

222 3460 358 3542 pulchra
379 3460 512 3524 vicaria
532 3455 741 3537 (καλλίνικος
760 3482 786 3522 r.
806 3459 896 3542 1050)
914 3480 1022 3525 omnes
1045 3482 1122 3543 quas
1136 3459 1189 3525 Sol
1211 3461 1279 3526 luce
1303 3482 1359 3526 sua
1381 3460 1581 3541 conspexerit
1602 3458 1737 3523 seminas
1759 3458 1889 3523 vincens

225 3563 314 3640 (ibid.
333 3585 361 3626 v.
385 3563 478 3644 1061)
501 3568 533 3628 et
555 3562 615 3627 sibi
638 3562 699 3643 ipsi
720 3569 812 3647 grata
841 3571 873 3627 et
894 3565 1008 3626 marito
1030 3583 1093 3626 una
1113 3583 1220 3627 secum
1241 3564 1369 3628 flamma
1389 3560 1601 3628 comburendo
1623 3560 1714 3645 (ibid
1737 3583 1765 3628 v.
1795 3565 1887 3641 1071)

222 3667 257 3729 in
280 3667 478 3730 mortiferum
497 3668 599 3731 insilit
621 3689 739 3751 rogum.
776 3668 892 3745 Quodsi
915 3668 965 3731 cui
988 3666 1152 3748 praeclara
1171 3665 1227 3730 illa
1248 3666 1396 3731 Evaduae
1418 3666 1511 3731 ruina
1532 3666 1617 3732 haud
1638 3666 1804 3731 dissimilis
1821 3685 1888 3731 eme

222 3769 383 3835 videbitur
404 3769 475 3834 diro
502 3771 549 3835 illi
579 3771 730 3836 Indarum
757 3772 919 3836 viduarum
943 3771 1036 3846 mori,
1059 3791 1140 3853 quse
1163 3770 1198 3832 in
1219 3770 1384 3834 ardentem
1405 3789 1515 3853 rogum
1538 3791 1571 3835 se
1593 3770 1756 3836 inmittere
1776 3769 1890 3846 solent,

222 3877 259 3937 ut
279 3891 352 3934 cum
375 3871 489 3935 marito
510 3872 762 3938 coniunctionem
782 3872 1005 3954 adipiscantur,
1027 3875 1060 3935 et
1080 3871 1162 3936 male
1183 3872 1374 3954 respondere
1395 3874 1449 3951 iis,
1470 3895 1552 3957 quae
1572 3895 1669 3956 supra
1689 3874 1776 3960 (pag.
1799 3877 1820 3941 8
1843 3896 1888 3958 sq.

225 3979 262 4042 18
284 3997 329 4059 sq.
353 3980 394 4040 25
415 3981 448 4040 et
468 3976 576 4060 saepe)
599 3977 637 4041 de
659 3978 852 4043 Graecorum
882 3978 993 4042 mortis
1020 3975 1164 4055 horrore,
1194 3999 1300 4044 amore
1332 3979 1413 4046 vitae
1442 3980 1568 4062 prolata
1594 3987 1680 4057 sunt,
1710 3981 1887 4048 cavendum

220 4082 355 4156 ridetur,
392 4103 433 4149 ne
465 4105 515 4149 res
548 4083 689 4150 diversae
719 4087 989 4152 commisceantur.
1061 4085 1240 4168 Seqfflntur
1269 4084 1352 4149 onim
1384 4086 1515 4148 maritos
1546 4084 1580 4146 in
1607 4089 1744 4149 mortem
1772 4083 1886 4150 viduae

220 4186 294 4250 illae
316 4187 471 4271 religione
492 4185 601 4270 populi
623 4194 656 4254 et
677 4190 809 4273 antiquo
835 4212 921 4256 more
943 4192 1129 4271 obstrictae;
1160 4191 1296 4256 flammis
1324 4192 1424 4255 tristis
1446 4196 1479 4256 et
1505 4191 1704 4256 effeminatus
1726 4189 1883 4256 Sardana-

220 4286 312 4367 palus
340 4288 486 4372 neglecta
507 4289 584 4364 vita,
615 4309 711 4370 quam
740 4290 876 4355 tolerare
904 4296 991 4356 vetat
1018 4293 1168 4358 miserum
1196 4301 1229 4360 et
1249 4295 1352 4357 virum
1373 4299 1406 4359 et
1432 4315 1539 4378 regem
1559 4276 1679 4359 'innata
1698 4295 1890 4378 gentianae

221 4387 308 4454 ferox
331 4397 363 4455 et
384 4393 500 4476 ignava
521 4391 684 4468 mollities,
706 4414 777 4457 crim
794 4393 943 4458 uxoribus
963 4400 996 4459 et
1010 4393 1129 4459 divitiis
1150 4415 1218 4461 sese
1233 4396 1439 4477 consumpsit,
1461 4417 1500 4461 ne
1516 4397 1622 4462 hostes
1635 4396 1675 4459 iis
1689 4397 1887 4479 potirentnr;

221 4494 338 4561 invicto
360 4496 433 4562 odio
455 4503 489 4562 et
509 4496 636 4579 perdita
658 4498 742 4563 vitae
764 4497 984 4578 despicientia,
1006 4497 1132 4580 qualem
1151 4498 1185 4562 in
1207 4496 1397 4590 Semitarum
1420 4499 1569 4585 gentibus
1589 4503 1692 4574 inesse
1713 4503 1780 4568 iam
1801 4504 1883 4569 dixi

220 4616 305 4671 mus,
334 4597 429 4664 Poeni
459 4606 492 4666 et
513 4600 624 4666 Iudaei
648 4608 780 4667 cruento
807 4601 938 4666 interitu
967 4603 1072 4684 perire
1099 4624 1195 4686 quam
1223 4602 1289 4669 fato
1306 4610 1351 4670 et
1378 4605 1522 4672 hostibus
1546 4607 1658 4672 cedere
1686 4608 1886 4676 malueruntc

218 4697 286 4764 solo
310 4704 415 4763 autem
434 4705 549 4770 amoris
571 4704 684 4770 ardore
707 4704 808 4771 ardua
830 4704 959 4770 Evadna
980 4705 1019 4770 de
1041 4727 1120 4788 rupe
1141 4728 1174 4773 se
1195 4707 1231 4770 in
1253 4729 1365 4792 rogum
1386 4697 1524 4791 Capanei
1545 4710 1667 4776 deiecit.
1712 4709 1888 4780 Praeterea

218 4802 356 4868 nolimus
376 4802 561 4874 inmemores
580 4830 661 4885 esse,
683 4809 767 4888 qnod
788 4810 969 4876 hominibus
989 4811 1121 4895 singulis
1140 4818 1173 4878 et
1191 4812 1317 4879 seminis
1336 4815 1464 4899 quidem
1483 4817 1590 4895 liceat,
1612 4836 1676 4882 non
1696 4815 1797 4884 licere
1813 4821 1886 4886 rmi-

216 4910 317 4975 rersis
337 4908 532 4989 hominibus,
553 4937 615 4981 non
637 4917 780 5002 regibus,
811 4939 875 4984 non
895 4916 1035 5000 populis,
1066 4938 1167 5001 neque
1189 4916 1412 4984 obliviscamur
1434 4918 1527 4985 buius
1548 4920 1698 4985 interitus
1718 4922 1889 4992 recissum

215 5013 303 5097 apud
324 5013 464 5081 Graecos
484 5013 580 5083 fuisse
602 5021 745 5104 exempla
766 5027 801 5088 et
821 5021 862 5087 ab
885 5042 993 5088 eorum
1014 5021 1171 5090 arsendi
1186 5023 1311 5090 radone
1326 5023 1404 5090 atis
1424 5022 1543 5101 abens,
1565 5023 1651 5108 quod
1664 5045 1707 5090 ex
1721 5023 1895 5106 Hecubae,
