4236 5624
231 863 270 924 ut
290 879 355 924 una
379 879 450 924 cum
476 858 583 940 patria
610 857 691 926 urbe
712 861 869 927 momatur
890 862 981 945 (ibid.
1003 883 1031 928 v.
1057 865 1136 929 1280
1159 867 1250 950 sqq).
1293 867 1356 935 Sed
1377 890 1417 936 ne
1444 872 1505 939 boc
1526 875 1657 956 quidem
1677 843 1797 948 maium
1816 885 1902 951 eius·

235 959 321 1026 modi
343 960 466 1027 ridetur
486 981 569 1036 esse,
589 967 627 1027 ut
647 961 724 1029 ferri
746 971 896 1048 nequeat:
918 965 1078 1032 cernimus
1098 966 1186 1032 enim
1204 968 1362 1053 reginam,
1384 992 1424 1038 ue
1444 973 1479 1038 in
1501 973 1644 1043 flamm
1663 989 1772 1048 rueret
1793 995 1900 1053 retem

232 1068 310 1140 um,
330 1063 381 1128 his
399 1062 505 1130 verbis
524 1062 565 1130 de
583 1083 699 1130 scaena
717 1064 922 1133 decedentem
941 1089 970 1136 r.
995 1075 1074 1137 1327
1096 1093 1180 1156 sqq:
1203 1074 1350 1162 τρομερὰ
1372 1079 1520 1165 τρομερὰ
1541 1081 1662 1161 μέλεα,
1685 1082 1799 1174 φέρετ’
1816 1088 1900 1172 ἐμὸν

232 1166 330 1249 ἴχνος·
361 1163 403 1234 i‘t'
425 1168 484 1234 snt
511 1164 693 1253 [τάλαιναν]
715 1166 869 1235 δούλειον
891 1165 1020 1259 ἁμέραν
1039 1170 1117 1254 βίου
1138 1175 1300 1259 (simililer
1327 1199 1355 1246 r.
1377 1185 1439 1245 677
1461 1201 1530 1264 sqq.
1552 1182 1831 1276 Andromacham)
1855 1225 1895 1245 -

230 1270 340 1357 longe
360 1271 457 1338 aliam
478 1270 572 1337 finxit
591 1270 763 1353 Euripides
784 1270 950 1339 Hecubam
971 1271 1005 1337 in
1026 1293 1065 1338 ea
1086 1270 1194 1342 sabula
1214 1278 1267 1343 cui
1289 1278 1349 1344 hac
1368 1279 1473 1361 ipsum
1494 1302 1609 1350 nomen
1630 1285 1819 1371 inscriptum
1839 1299 1899 1361 aa

231 1375 320 1442 Nihil
342 1376 428 1442 enim
442 1375 542 1442 animi
558 1374 663 1453 fortis,
686 1374 775 1441 nulla
795 1395 882 1458 epea,
904 1376 992 1443 nulla
1011 1377 1136 1444 laetitia
1150 1379 1211 1444 uisi
1226 1380 1365 1447 inmanis
1387 1381 1444 1448 illa
1458 1384 1656 1469 relinquitur,
1679 1411 1744 1474 qua
1758 1393 1899 1462 exsultat

229 1500 326 1547 saera
346 1499 425 1545 anus
446 1479 480 1544 in
501 1477 682 1545 foedissimo
703 1477 842 1546 meinero
863 1478 1065 1561 perficiendo.
1094 1479 1177 1546 Nam
1197 1503 1280 1567 quae
1299 1484 1461 1552 titubante
1481 1487 1563 1569 pede
1583 1509 1647 1556 non
1667 1497 1736 1559 mm
1755 1495 1901 1566 ambulat

230 1607 327 1669 quam
347 1585 444 1667 repit,
471 1584 590 1666 partim
617 1605 639 1649 a
666 1582 792 1650 famulis
813 1589 1003 1660 smtentata,
1032 1584 1148 1665 partim
1169 1584 1304 1667 scipioni
1332 1586 1444 1653 innixa
1472 1589 1542 1673 (cir.
1572 1614 1600 1657 v.
1623 1600 1664 1662 δε
1685 1601 1782 1683 sqq),
1813 1622 1897 1685 quae

230 1690 369 1774 patriam
393 1688 475 1754 vidit
503 1688 654 1765 deletam,
685 1687 802 1754 liberos
828 1687 913 1755 ferro
942 1689 1075 1764 occisos,
1103 1689 1288 1756 inmolatam
1318 1690 1432 1770 filiam,
1462 1693 1563 1760 filium
1592 1699 1799 1780 trnmdatum,
1828 1712 1898 1775 tm

229 1813 342 1878 parum
371 1791 495 1859 miseris
527 1797 561 1855 et
588 1810 645 1856 suo
674 1790 762 1857 luctu
789 1791 915 1859 videtur
942 1791 1058 1868 finem,
1086 1797 1123 1856 ut
1146 1810 1265 1874 poenas
1291 1799 1396 1860 sumat
1417 1794 1660 1878 crudelissimas
1702 1804 1789 1883 Quid
1809 1809 1897 1877 onim

229 1898 337 1963 iurant
352 1896 435 1963 eruti
451 1895 604 1961 scelerato
620 1893 741 1959 homini
759 1893 857 1971 oculi,
878 1893 955 1978 quid
977 1893 1160 1958 innocentes
1180 1891 1238 1959 lilii
1260 1895 1409 1962 buddati
1431 1919 1452 1963 a
1472 1898 1598 1967 feminis
1612 1907 1747 1988 captivis
1767 1910 1898 1995 quidam

229 2006 263 2067 et
282 1999 384 2066 multa
404 1997 518 2081 passis,
540 1995 597 2062 sed
618 1997 653 2060 in
673 1996 744 2078 ipsa
764 1997 896 2063 miseria
916 1995 1072 2062 femineae
1092 2001 1224 2063 naturae
1243 1998 1408 2084 omnisque
1430 2001 1640 2072 humanitatis
1659 2012 1844 2092 expertibus
1863 2023 1899 2081 aa

228 2104 304 2170 seris
318 2102 475 2169 similibus
490 2100 613 2168 beluis?
635 2098 744 2165 Foeda
756 2105 806 2165 est
820 2099 1048 2181 compensatio,
1070 2099 1298 2178 reconciliatio,
1318 2123 1415 2186 quam
1429 2105 1532 2186 poscit
1546 2103 1667 2186 absa,
1688 2111 1789 2189 nulla,
1808 2115 1899 2182 nulls

226 2229 322 2294 qnam
349 2207 461 2272 dicunt
489 2202 668 2292 κάθαρσιν.
719 2203 883 2270 Accedunt
911 2203 983 2270 dira
1010 2201 1233 2287 Polymestoris
1262 2205 1425 2283 vaticinia,
1453 2228 1535 2291 quae
1556 2208 1706 2280 Hecubae
1727 2216 1761 2280 in
1783 2238 1896 2286 mnam

227 2311 450 2386 mutationem,
479 2307 707 2393 Agamemnoni
735 2313 770 2375 et
798 2306 993 2374 &sanotae
1018 2329 1039 2373 a
1067 2306 1320 2391 Clytaemnestra
1349 2310 1478 2378 caedem
1504 2313 1701 2395 minitantur,
1730 2320 1777 2386 ita
1798 2329 1835 2386 ut
1860 2325 1896 2391 in

227 2424 296 2484 tota
318 2424 458 2485 extrema
479 2414 587 2481 fabula
604 2435 709 2499 neque
729 2413 771 2480 ad
792 2414 1027 2481 miserationem
1049 2433 1152 2497 neque
1173 2412 1215 2479 ad
1237 2413 1337 2479 ullum
1357 2416 1485 2480 omnino
1507 2437 1693 2501 mnercsam
1713 2422 1812 2488 animi
1835 2424 1891 2491 ad.

226 2519 343 2588 iactum
364 2539 623 2596 commoveamur,
650 2518 712 2584 nisi
733 2517 864 2603 virginis
885 2518 1059 2583 inmolatae
1086 2519 1240 2585 memoria
1261 2540 1300 2585 cx
1321 2520 1427 2602 priora
1456 2525 1548 2603 parte
1570 2521 1697 2592 abus
1717 2528 1820 2610 petita
1841 2530 1890 2595 in·

226 2624 352 2691 ialioem
378 2621 433 2688 sed
455 2619 614 2687 crudelem
642 2626 778 2688 matrem
806 2620 914 2704 aliqua
944 2617 1179 2687 misericordiae
1207 2621 1367 2703 particula
1393 2622 1564 2709 adspergit
1608 2627 1646 2692 ln
1668 2628 1739 2712 ipsa
1759 2629 1894 2699 Hecuba

225 2735 332 2797 autem
354 2725 436 2792 nibil
457 2725 614 2790 invenitur
634 2722 720 2808 quod
740 2725 923 2806 probemus,
951 2723 1033 2788 nihil
1054 2723 1090 2788 in
1110 2723 1338 2808 Polymestore,
1366 2726 1448 2792 nihil
1474 2730 1508 2793 in
1529 2731 1780 2816 Agamemnone,
1812 2737 1895 2804 nihil

224 2832 259 2899 in
279 2831 413 2915 captivis
434 2827 576 2894 seminis:
606 2827 713 2893 omnia
734 2827 838 2905 foeda,
867 2827 990 2910 turpia,
1019 2825 1176 2902 crudelia,
1206 2827 1349 2894 inmania
1376 2835 1459 2895 sunt
1515 2831 1605 2899 Nihil
1632 2835 1786 2905 habemus
1807 2841 1894 2923 quod

223 2933 425 3010 admiremur,
450 2930 536 3015 quod
562 2931 660 2997 animi
682 2930 821 3015 quadam
842 2930 1027 2998 adsenmone
1056 2938 1244 3010 metuamus,
1274 2954 1449 3018 speremus,
1478 2943 1632 3020 optemus
1684 2943 1771 3021 Quae
1797 2953 1895 3014 antea

224 3037 317 3104 nobis
338 3037 453 3103 mbera
476 3036 544 3100 visa
564 3040 613 3102 est
634 3042 667 3102 et
687 3036 889 3103 miseratione
910 3036 1009 3121 digna
1030 3036 1174 3114 Hecuba,
1199 3059 1282 3103 nunc
1304 3042 1596 3123 compensationem
1615 3046 1777 3128 quandam
1796 3050 1889 3116 misa-

224 3142 344 3208 riarum
371 3139 433 3206 sibi
459 3139 530 3221 ipsa
551 3137 671 3204 crudeli
693 3159 789 3203 manu
809 3136 950 3221 adripuit
979 3138 1102 3204 facinus
1132 3139 1259 3207 foedum
1285 3140 1378 3208 foedo
1408 3141 1549 3211 facinore
1578 3147 1662 3214 male
1686 3148 1769 3214 ulta:
1800 3151 1894 3218 nobis

223 3243 304 3309 nibil
324 3241 522 3325 relinquitur,
542 3240 597 3324 qui
618 3261 787 3326 pergamus
808 3241 957 3308 Hecubae
982 3242 1127 3324 partibus
1148 3242 1262 3310 lavere
1306 3243 1401 3310 Cuius
1421 3244 1549 3314 tabulae
1572 3257 1758 3334 argumento
1779 3274 1892 3338 quam·

221 3366 317 3431 quam
336 3344 430 3412 multi
457 3344 517 3409 riri
546 3343 634 3409 docti
660 3365 843 3412 susannem
871 3348 977 3412 eonati
1009 3355 1096 3427 sunt,
1125 3371 1218 3417 nemo
1245 3357 1352 3418 umen
1382 3351 1487 3419 adhuc
1515 3355 1687 3423 Godosredi
1715 3359 1894 3427 Hermanni

221 3469 388 3515 censuram
407 3448 492 3514 iusta
512 3447 636 3513 ratione
657 3446 810 3515 refutasse
830 3449 962 3527 videtur,
986 3453 1040 3536 qui
1063 3453 1098 3518 in
1117 3454 1314 3536 praefatione
1335 3455 1485 3523 editionis
1502 3458 1601 3542 (Lips.
1615 3464 1690 3528 1831
1702 3462 1800 3544 axv
1810 3463 1894 3549 sqq.)

221 3554 396 3636 suspicatus
418 3558 466 3618 est
487 3551 610 3635 tragica
631 3551 699 3616 risa
720 3572 787 3617 esse
804 3551 948 3634 Euripidi
974 3556 1070 3621 etiam
1089 3578 1171 3640 quae
1191 3559 1272 3624 nihil
1294 3560 1382 3625 aliud
1404 3568 1510 3628 essent
1531 3564 1594 3628 nisi
1611 3562 1823 3634 demslabilia
1853 3569 1893 3635 In

221 3658 330 3728 fabula
352 3658 450 3743 igitur
465 3662 532 3721 tam
545 3655 735 3721 monstruosi
757 3655 936 3740 argumenti
954 3677 1018 3722 non
1041 3659 1229 3727 mirabimur
1250 3662 1278 3727 si
1301 3663 1392 3728 multi
1412 3664 1615 3732 inveniuntur
1629 3667 1705 3746 loci,
1727 3671 1893 3754 inquibus

221 3782 294 3828 acre
324 3759 435 3827 mortis
461 3757 653 3823 desiderium
680 3777 832 3841 personas
860 3762 991 3844 egenas
1022 3758 1072 3825 rel
1101 3758 1181 3828 adeo
1208 3762 1368 3844 patentes
1393 3769 1509 3832 teneat
1550 3765 1633 3844 Quid
1661 3767 1701 3833 de
1729 3768 1891 3854 Polyxena

220 3868 376 3935 moriendi
395 3864 512 3948 cupida
533 3863 732 3932 sentiendum
753 3865 845 3932 nobis
863 3864 1016 3944 videatur,
1038 3867 1102 3934 alio
1123 3872 1264 3949 tempore
1281 3868 1497 3950 quaerendum
1516 3871 1593 3946 erit,
1616 3892 1717 3956 neque
1737 3873 1797 3939 boc
1819 3872 1890 3939 leco

218 3970 261 4038 de
282 3970 504 4054 Polymestoris
525 3969 637 4034 mortis
657 3968 816 4036 desiderio
838 3968 930 4035 nobis
951 3961 1120 4034 dicendam
1142 3973 1205 4044 est,
1227 3965 1282 4031 sed
1303 3965 1381 4050 quid
1403 3967 1536 4036 Hecuba
1557 3969 1597 4035 de
1619 3978 1721 4038 morte
1742 3969 1890 4038 obeunda

218 4077 368 4153 senserit,
396 4076 480 4143 hanc
501 4074 543 4141 ob
569 4095 713 4141 causmm
735 4074 795 4140 hoc
822 4074 891 4141 loco
920 4071 1179 4157 pertractandum
1202 4070 1335 4147 videtur,
1365 4071 1514 4155 quoniam
1543 4073 1614 4155 ipsa
1640 4095 1736 4158 quam
1767 4072 1890 4156 perfert

222 4179 383 4246 miseriam
403 4199 466 4243 non
486 4198 544 4261 pro
563 4184 654 4243 tanto
668 4177 752 4244 malo
774 4177 875 4254 ducit,
896 4183 1052 4262 quantum
1069 4175 1146 4242 ferri
1161 4196 1224 4240 nan
1241 4173 1353 4256 possit,
1373 4173 1428 4239 sed
1447 4174 1554 4257 potius
1568 4175 1651 4242 vitae
1665 4196 1774 4240 amans
1788 4175 1888 4242 ritem

217 4279 347 4369 quaerit
367 4288 400 4348 et
418 4289 519 4359 amat,
541 4287 577 4348 ut
597 4283 715 4349 bonnm
736 4282 865 4367 aliquod
886 4284 949 4349 sibi
970 4281 1165 4366 propositum
1186 4277 1387 4362 adaequatnr.
1418 4277 1530 4363 ltaque
1550 4300 1578 4346 v.
1599 4277 1891 4363 ienaqquesch·

218 4390 328 4474 iugum
349 4384 502 4465 δουλείας
523 4390 584 4464 τᾶς
606 4381 645 4451 οὐ
666 4387 799 4464 clareia.
823 4389 882 4463 τᾶς
904 4380 945 4451 οὐ
967 4389 1094 4473 φερεᾶς
1115 4384 1320 4469 conqueritur
1340 4382 1469 4467 quidem
1490 4389 1523 4448 et
1550 4382 1697 4448 nuath&
1726 4381 1813 4450 filiae
1835 4384 1886 4449 in·

218 4491 353 4562 maenti
375 4490 470 4558 caede
489 4497 579 4558 taum
599 4492 776 4573 conripitur
794 4488 916 4564 dolore,
939 4495 975 4555 ut
996 4489 1153 4556 exclamet
1174 4509 1201 4555 r.
1222 4493 1296 4555 tet:
1318 4477 1346 4551 ὦ
1369 4480 1440 4550 κάκ’
1459 4484 1649 4570 cariosam
1671 4484 1891 4573 isaacius...

220 4592 356 4686 πήματ’,
387 4589 578 4663 ἄπωλέσατ’
601 4589 755 4661 citicae·
780 4589 891 4661 οὐκέτι
913 4618 974 4676 μοι
1003 4592 1080 4675 βίος
1107 4589 1253 4678 ἀγαστὸς
1282 4590 1318 4658 ir
1341 4589 1442 4678 φάει,·
1471 4590 1527 4658 aed
1556 4593 1636 4658 bene
1659 4591 1741 4659 scire
1764 4593 1891 4662 ridetur

215 4700 279 4769 sibi
301 4698 440 4766 nondum
461 4696 660 4763 moriendum
681 4717 762 4772 esse,
782 4697 933 4780 quoniam
954 4697 988 4762 in
1013 4696 1088 4762 istis
1109 4698 1166 4773 sit,
1188 4704 1225 4763 ut
1245 4695 1363 4763 aliast
1385 4696 1506 4762 maora
1524 4696 1631 4761 rideat
1651 4695 1737 4763 mals
1755 4698 1846 4783 (ibid
1862 4721 1890 4766 r.

218 4809 280 4874 2³1
294 4803 385 4891 sqq).
416 4802 497 4867 Nam
517 4821 580 4866 non
600 4808 669 4866 tum
691 4806 816 4865 monus
833 4807 896 4876 est,
915 4822 987 4866 cnm
1007 4823 1048 4868 er
1069 4822 1126 4867 sua
1148 4800 1307 4869 ananan
1327 4822 1399 4868 eam
1420 4800 1554 4868 decebat
1575 4803 1657 4868 mori
1679 4825 1751 4870 anm
1774 4807 1890 4870 marito

216 4914 254 4977 et
276 4908 351 4974 filiis
378 4907 434 4991 qui
461 4906 495 4970 in
516 4904 623 4987 patria
641 4905 819 4988 perierunt,
847 4903 903 4972 sed
930 4926 1003 4972 cum
1024 4907 1064 4972 iis
1085 4906 1232 4972 omnibus
1252 4905 1282 4971 ei
1303 4905 1407 4971 rivere
1428 4905 1636 4974 constitutum
1666 4914 1730 4983 est,
1751 4925 1889 4990 qnorum

216 5011 298 5080 baec
319 5031 387 5078 sors
409 5016 471 5086 est,
498 5016 533 5073 ut
557 5029 622 5075 non
648 5008 832 5079 moriantur,
859 5029 923 5093 qne
951 5007 1045 5093 plura
1065 5005 1227 5090 perierant
1255 5011 1288 5072 at
1317 5005 1465 5092 graviora
1494 5004 1588 5075 mala
1637 5004 1672 5071 Si
1694 5002 1890 5087 paulopost

1690 5130 1709 5183 t
