4236 5624
225 748 273 810 16

232 905 382 973 Weloker
399 905 525 971 Griech.
552 904 666 988 lhagg.
694 903 710 968 1
732 923 762 985 p.
785 908 836 980 48,
862 910 916 982 14,
947 902 1089 984 Droysen
1109 922 1187 968 vers.
1210 904 1315 970 Germ.
1334 925 1366 996 p.
1389 910 1450 973 326
1472 907 1563 993 sqq).
1616 907 1802 977 Faciuore
1828 902 1935 976 autem

232 1011 288 1076 illo
313 1010 449 1086 nefario,
477 1008 563 1093 quod
584 1009 686 1091 patris
707 1010 793 1074 iussu
816 1029 924 1073 omnes
947 1010 1074 1088 praeter
1094 1005 1376 1089 Hypermnestram
1398 1029 1520 1075 sorores
1540 1015 1813 1091 perpetrarunt,
1838 1013 1935 1078 etiam

231 1114 334 1198 magis
354 1112 534 1179 ostenditur
555 1117 674 1196 quanto
703 1111 807 1176 acrior
832 1110 930 1175 fuerit
957 1111 991 1173 in
1012 1110 1062 1174 his
1092 1109 1218 1176 feminis
1238 1113 1322 1178 vitae
1349 1134 1438 1179 amor
1464 1135 1560 1198 quam
1580 1115 1660 1196 ipsa
1685 1137 1832 1182 morum
1853 1118 1932 1182 inte

229 1218 344 1302 gritas,
366 1218 482 1299 pietas,
504 1217 697 1282 humanitas.
750 1214 860 1298 Neque
883 1216 983 1281 solum
1006 1214 1139 1279 feminas
1171 1215 1262 1282 decet
1291 1216 1373 1281 vitae
1396 1217 1539 1282 miserias
1561 1218 1745 1299 patienter
1768 1218 1878 1296 ferro,
1905 1218 1931 1283 si

229 1339 302 1401 spes
324 1324 372 1385 est
392 1319 460 1383 fore
481 1325 518 1382 ut
539 1318 750 1395 subleventur,
778 1318 827 1383 vel
859 1319 886 1382 si
906 1321 1035 1385 omnino
1060 1320 1188 1386 modum
1217 1326 1313 1404 atque
1342 1321 1421 1387 fines
1447 1323 1606 1388 humanae
1635 1324 1843 1404 patientiae
1870 1344 1929 1388 non

229 1425 404 1502 excedunt,
433 1445 544 1490 verum
565 1423 664 1490 etiam
685 1423 781 1500 viros,
810 1423 983 1506 principes,
1005 1446 1110 1508 reges:
1142 1446 1216 1490 nam
1237 1426 1312 1489 olim
1330 1425 1464 1509 Magnus
1483 1426 1551 1489 ch
1568 1429 1648 1506 post
1673 1425 1825 1492 caedem
1842 1423 1927 1491 san

229 1528 362 1592 miniani
377 1526 589 1607 amissamque
611 1525 743 1591 classem
764 1526 887 1610 ingenti
909 1526 1016 1594 dolore
1038 1534 1207 1611 conreptus
1226 1530 1397 1612 inploravit
1417 1529 1545 1613 quidem
1562 1529 1680 1595 Iovem
1704 1536 1748 1595 ut
1764 1551 1838 1596 una
1857 1551 1925 1595 curn

229 1631 344 1696 occisis
365 1630 470 1694 Persis
488 1635 590 1695 morte
611 1650 644 1695 se
666 1629 819 1695 adficeret
840 1631 938 1712 (Pers.
961 1654 988 1698 v.
1012 1632 1104 1717 915):
1137 1632 1218 1696 vixit
1237 1638 1345 1698 tamen
1369 1633 1491 1699 Xerxes
1512 1637 1545 1698 et
1566 1633 1635 1698 vita
1659 1633 1802 1698 fructus
1827 1639 1878 1699 est
1895 1636 1926 1698 et

193 1768 198 1776 ·
229 1731 376 1812 proximo
397 1751 481 1794 anno
503 1751 583 1796 nova
605 1752 660 1814 spe
681 1732 783 1797 elatus
803 1734 921 1798 iterum
942 1735 1072 1800 Graecis
1093 1734 1203 1799 intulit
1224 1735 1352 1800 bellum.
1396 1734 1466 1800 Non
1489 1740 1580 1799 tante
1600 1734 1712 1818 igitur
1735 1735 1924 1819 ignominia

230 1837 357 1901 videtur
370 1835 483 1913 fuisse,
506 1857 568 1900 nou
586 1840 712 1901 tantum
732 1837 868 1903 dedecus
889 1844 961 1920 post
981 1844 1106 1919 turpem
1127 1837 1162 1901 in
1184 1836 1292 1901 Asiam
1313 1837 1433 1918 fugam,
1455 1840 1492 1899 ut
1511 1855 1568 1900 rex
1589 1835 1728 1901 sincera
1750 1841 1925 1903 teneretur

230 1941 343 2006 mortis
363 1939 545 2022 cupiditate.

360 2042 453 2125 Apud
474 2040 662 2123 Sophoclem
683 2045 791 2105 autem
813 2039 893 2105 haec
915 2040 981 2105 ficti
1004 2041 1115 2106 mortis
1136 2041 1298 2119 desiderii,
1329 2041 1414 2124 qued
1436 2040 1671 2108 deliberatione
1696 2050 1798 2110 caret
1819 2051 1917 2128 atque

232 2149 429 2223 constantia,
457 2144 664 2210 inveniuntur
684 2141 841 2223 exempla:
873 2142 1052 2211 Miserrima
1072 2147 1212 2222 Electra,
1240 2167 1320 2229 quae
1342 2166 1409 2211 sese
1430 2145 1509 2210 dicit
1525 2149 1618 2210 tanta
1634 2147 1811 2212 malorum
1832 2149 1916 2214 mole

230 2251 323 2334 quasi
346 2249 507 2324 obrutam,
528 2251 565 2310 ut
583 2245 637 2308 vix
658 2244 762 2309 valeat
782 2244 983 2328 gravissimos
1002 2269 1162 2313 maerores
1183 2247 1251 2314 sola
1271 2247 1411 2329 perferre
1429 2248 1558 2333 (Electr.
1569 2270 1597 2315 v.
1614 2255 1686 2316 120.
1700 2251 1783 2316 edit
1795 2253 1908 2337 Bergk

230 2354 315 2435 lips.
340 2349 449 2434 1858),
472 2350 560 2413 cuius
581 2348 648 2411 vita
669 2345 755 2410 omni
780 2366 836 2427 spe
858 2367 967 2412 carere
988 2346 1113 2410 videtur
1136 2347 1224 2425 (ibid.
1247 2369 1274 2413 v.
1300 2353 1359 2414 185
1382 2352 1478 2433 sqq),
1509 2349 1560 2411 cui
1581 2354 1717 2429 praeter
1740 2351 1855 2417 odium
1875 2359 1908 2419 et

228 2461 313 2524 iram
335 2462 368 2523 et
387 2454 529 2519 dolorem
549 2451 632 2516 nihil
652 2450 851 2532 relinquitur,
873 2448 956 2531 quod
975 2451 1073 2514 vitam
1093 2450 1217 2514 dulcem
1235 2448 1349 2514 reddat
1364 2449 1454 2533 (ibid
1462 2472 1489 2518 v.
1498 2456 1557 2516 221
1569 2472 1637 2534 sqq.
1654 2459 1718 2520 261
1731 2476 1783 2540 sq.
1804 2457 1904 2542 1311)

229 2560 352 2644 perfert
371 2564 481 2623 tamen
502 2555 610 2619 omnia
631 2554 710 2618 haec
731 2553 816 2617 mala
834 2553 980 2633 pertenui
1001 2553 1125 2616 venturi
1146 2551 1255 2617 fratris
1276 2573 1332 2632 spe
1352 2553 1450 2632 fret-a3
1471 2560 1566 2637 atque
1587 2560 1657 2618 tum
1678 2557 1814 2624 demum
1834 2583 1903 2626 cunr

230 2667 330 2732 etiam
356 2663 437 2727 haec
457 2660 571 2724 ultima
592 2679 663 2740 spes
684 2656 809 2721 sublata
831 2657 963 2734 videtur,
991 2679 1062 2721 cum
1083 2657 1229 2721 nuntiata
1249 2655 1368 2722 Orestis
1390 2662 1491 2721 morte
1519 2657 1580 2721 sibi
1610 2678 1743 2742 quoque
1766 2670 1899 2728 mortem

228 2770 320 2854 quasi
342 2766 476 2831 inlatam
497 2783 565 2828 esse
592 2763 703 2839 sentit,
733 2783 804 2826 cum
830 2761 872 2825 ad
902 2760 1037 2824 nihilum
1065 2755 1197 2820 reducta
1226 2759 1275 2819 est
1303 2753 1392 2837 (ibid.
1415 2777 1441 2818 v.
1464 2761 1534 2821 674.
1558 2761 1647 2839 677),
1676 2759 1797 2825 infelix
1816 2764 1900 2847 Agn-

228 2869 406 2937 memnonis
425 2866 493 2931 filia
512 2870 636 2948 gratam
657 2863 718 2928 sibi
737 2884 804 2928 esse
828 2869 962 2927 mortem
985 2859 1159 2942 profitetur,
1182 2858 1278 2922 vitam
1299 2863 1452 2922 maestam
1474 2858 1563 2942 (ibid.
1579 2881 1605 2923 v.
1620 2862 1684 2925 817
1701 2864 1799 2950 sqq).
1836 2865 1896 2931 Sed

228 2976 290 3042 hoc
312 2992 438 3057 quoque
460 2968 679 3035 brevissimum
710 2967 821 3030 mortis
845 2967 1037 3032 desiderium
1066 2967 1157 3032 fortis
1186 2966 1318 3049 virginis
1349 2967 1472 3030 animus
1501 2986 1573 3030 mox
1602 2970 1729 3049 spernit
1751 2993 1895 3057 novaque

226 3076 361 3144 consilia
388 3072 516 3138 mollem
544 3068 708 3150 depellunt
735 3069 988 3150 desperationem
1019 3070 1107 3153 (ibid.
1130 3092 1156 3134 v.
1178 3075 1240 3136 917
1263 3070 1351 3154 sqq).
1407 3070 1453 3133 Ao
1475 3070 1616 3151 profecto
1645 3073 1782 3154 quidem
1811 3076 1894 3142 haud

226 3180 321 3246 facile
351 3174 531 3257 desperatio
564 3171 742 3238 cohibetur:
775 3172 892 3237 iterum
920 3179 1015 3255 atque
1043 3175 1161 3239 iterum
1192 3176 1328 3237 recurrit
1358 3171 1513 3236 moriendi
1541 3172 1712 3254 cupiditas,
1743 3181 1894 3261 quoniam

228 3282 326 3347 etiam
346 3299 386 3342 ex
408 3273 573 3354 Sophoclis
593 3271 741 3353 opinione
763 3271 879 3333 mortui
901 3293 1044 3337 maerore
1066 3296 1128 3338 non
1149 3276 1339 3341 adficiuntur
1359 3275 1448 3359 (ibid.
1465 3297 1492 3342 v.
1513 3280 1593 3341 1120
1617 3298 1663 3360 sq.
1691 3285 1775 3346 1165
1797 3281 1892 3365 sqq.);

227 3382 336 3447 exitus
354 3384 462 3443 autem
484 3375 609 3441 fabulae
632 3374 771 3439 ostendit
792 3381 878 3440 recte
893 3375 1003 3440 fecisse
1020 3375 1192 3452 Electram,
1214 3374 1297 3456 quod
1317 3374 1414 3438 animi
1436 3374 1655 3440 fortitudinem
1676 3398 1743 3442 non
1765 3381 1892 3457 abiecit,

225 3484 281 3550 sed
305 3487 361 3547 aut
382 3479 513 3563 pulchre
536 3498 604 3543 sese
625 3498 665 3543 ex
686 3477 822 3542 miseriis
842 3478 963 3559 eripere
983 3484 1051 3554 aut,
1074 3479 1101 3541 si
1122 3497 1248 3542 necesse
1270 3483 1367 3552 esset,
1389 3477 1521 3558 pulchre
1543 3478 1675 3546 interire
1690 3501 1803 3549 secum
1818 3506 1889 3551 oon·

224 3585 331 3651 stituit
351 3583 442 3669 (ibid.
463 3605 492 3649 v.
517 3586 598 3647 1320
618 3584 686 3663 sq).
731 3580 903 3646 Confirmat
924 3583 958 3645 in
981 3578 1092 3644 eadem
1111 3579 1220 3644 fabula
1241 3579 1336 3642 etiarn
1357 3577 1605 3662 Chrysothemis,
1630 3587 1779 3664 quamvis
1798 3589 1891 3655 aliter

224 3684 361 3759 sentiat,
383 3680 497 3746 inutile
518 3699 585 3745 esse
605 3700 710 3762 neque
730 3679 952 3746 liberationem
973 3681 1128 3745 malorum
1150 3680 1211 3746 sibi
1232 3680 1364 3756 adferri,
1388 3682 1414 3745 si
1436 3683 1522 3763 turpi
1546 3689 1647 3750 morte
1667 3690 1891 3773 corripiantur

222 3805 364 3862 sorores,
395 3783 563 3866 pulchram
584 3781 714 3865 quidem
742 3783 797 3849 sed
820 3806 933 3850 vanam
955 3789 988 3851 et
1007 3784 1134 3850 inanem
1156 3782 1334 3847 obtinentes
1364 3780 1505 3864 gloriam.
1553 3782 1663 3866 Neque
1689 3788 1724 3852 in
1753 3811 1794 3856 eo
1822 3815 1892 3862 esse

222 3907 384 3956 summum
411 3882 531 3948 malum
557 3887 594 3946 ut
619 3883 803 3960 moriantur,
836 3882 891 3949 sed
919 3885 1025 3966 potius
1053 3885 1087 3947 iu
1113 3905 1151 3950 eo
1173 3890 1209 3947 ut
1229 3884 1341 3947 mortis
1368 3884 1502 3964 cupidae
1531 3907 1570 3950 ne
1599 3889 1735 3971 gloriam
1758 3896 1890 3977 quidem

221 3987 354 4075 (λόγων
368 3979 529 4062 εὔκλειαν,
553 4007 581 4052 v.
596 3990 685 4067 973),
706 4007 787 4067 quae
809 3987 874 4051 vita
895 3988 996 4052 maior
1016 3985 1164 4052 habenda
1186 3985 1239 4062 sit,
1261 3984 1477 4066 adsequantur
1491 3984 1581 4067 (ibid.
1597 4008 1623 4050 v.
1645 3995 1725 4055 1055
1739 3997 1890 4080 sqq).-

221 4091 264 4156 Et
286 4086 364 4173 quid
388 4084 528 4165 Oedipus
549 4083 589 4149 de
611 4091 713 4149 morte
732 4087 850 4151 sentit?
885 4088 963 4151 Cum
984 4088 1127 4171 ingentia
1148 4089 1341 4170 scelestaque
1363 4087 1499 4171 flagitia,
1526 4090 1560 4152 in
1581 4110 1662 4173 quae
1682 4093 1788 4161 adeo
1810 4120 1888 4182 quo

220 4192 295 4257 dam
317 4190 466 4256 seductus
485 4195 606 4264 ruerat,
629 4188 808 4269 perspicere
831 4191 999 4271 coepisset,
1020 4190 1206 4256 exclamavit
1228 4188 1356 4273 quidem
1378 4189 1499 4271 (Oedip.
1522 4190 1558 4255 1³.
1581 4212 1609 4258 r.
1632 4197 1694 4259 830
1716 4202 1822 4285 sqq):
1841 4203 1886 4288 μὴ

221 4297 318 4382 δῆτα,
341 4293 387 4378 μὴ
406 4287 486 4378 δῆτ’,
507 4283 643 4355 decus
657 4286 756 4377 ἁγνὸν
777 4293 887 4374 σέβας,
911 4290 1016 4378 ἴδοιμι
1036 4291 1157 4379 ταύτην
1170 4287 1307 4379 ἡμέραν,
1323 4287 1395 4358 ἀλλ’
1412 4292 1448 4358 ἐκ
1468 4298 1598 4382 βροτῶν
1610 4293 1711 4381 βαίην
1734 4292 1890 4389 ἄφαντος

223 4395 376 4484 πρόσθεν
398 4389 565 4481 ἢτοιάνιῗ
588 4391 670 4460 ἰδεῖν
691 4393 797 4483 κηλῖδ’
819 4396 949 4480 ἐμαυτῶ
979 4402 1154 4486 συμφορᾶς
1180 4395 1373 4484 ἀφιγμένην,
1403 4404 1435 4464 et
1456 4421 1527 4464 cum
1547 4404 1649 4464 totum
1669 4408 1898 4487 perspexisset.

221 4498 337 4576 scelus,
355 4496 477 4564 crudeli
497 4516 594 4561 manu
615 4497 649 4561 in
672 4519 706 4565 se
727 4499 831 4582 ipsum
852 4502 980 4567 saeviit:
1003 4503 1105 4568 maior
1126 4504 1210 4567 enim
1229 4501 1393 4567 calamitas
1407 4503 1475 4568 visa
1496 4510 1545 4568 est
1564 4524 1661 4586 quam
1677 4526 1761 4589 quae
1778 4519 1889 4591 posset

220 4602 298 4670 ferri
313 4601 401 4686 (ibid.
416 4624 443 4669 v.
464 4605 562 4669 1293:
584 4601 623 4665 τὸ
648 4601 711 4688 γὰρ
734 4599 864 4688 νόσημα
886 4599 1039 4694 μεῖζονῆ
1062 4608 1206 4694 φέρειν),
1227 4628 1329 4690 neque
1348 4607 1459 4672 infelix
1477 4628 1533 4673 rex
1554 4610 1665 4674 mortis
1688 4610 1889 4685 desiderium

218 4713 325 4776 sotum
348 4707 520 4787 reprimere
541 4713 648 4789 potest
668 4708 758 4794 (ibid.
785 4714 874 4776 1355.
902 4717 978 4778 1411
1000 4711 1089 4795 sqq),
1112 4710 1196 4797 quod
1217 4709 1251 4773 in
1273 4711 1371 4775 tantis
1393 4712 1475 4777 vitae
1495 4713 1769 4784 vicissitudinibus
1792 4744 1889 4790 nemo

219 4815 283 4884 erit
303 4810 360 4895 qui
384 4811 532 4892 miretur3
552 4819 659 4879 tamen
681 4834 745 4879 non
768 4819 887 4881 temere
907 4816 1003 4881 vitam
1025 4816 1189 4899 profundit
1202 4813 1341 4896 Oedipus
1360 4836 1462 4899 neque
1483 4819 1640 4884 constanti
1662 4825 1777 4890 mortis
1800 4827 1886 4896 desi-

217 4915 309 4982 derio
332 4908 512 4976 tenebatur.
556 4911 638 4979 Nam
664 4913 699 4978 in
720 4911 830 4994 Oedip.
853 4913 960 4981 Colon.
981 4938 1007 4980 v.
1032 4919 1094 4981 434
1116 4939 1161 5002 sq.
1183 4925 1216 4985 et
1236 4923 1298 4985 768
1321 4939 1366 5001 sq.
1391 4919 1460 5001 ipse
1486 4941 1518 4987 se
1538 4919 1618 4987 dicit
1638 4921 1680 4988 de
1699 4934 1814 4997 morte⁴
1829 4934 1885 5000 ob·

215 5018 324 5086 cunda
344 5034 420 5081 mox
441 5011 537 5080 aliter
557 5018 689 5085 sensisse
710 5021 806 5102 atque
828 5023 937 5097 antea,
964 5019 1021 5085 ubi
1051 5019 1146 5085 etiam
1167 5020 1326 5102 lapidibus
1347 5020 1483 5086 interfici
1508 5019 1645 5108 ἥδιστον
1667 5023 1732 5091 sibi
1760 5028 1894 5116 fuisse(
