4236 5624
213 705 256 767 46

218 855 316 944 οὗτος
337 858 419 952 ἀνὴρ
441 859 580 952 όίριοτος
599 859 691 939 ὅστις
712 861 827 927 ἐλπίσι
851 862 1022 927 πέποιθεν
1044 855 1108 926 dei·
1130 866 1170 928 τό
1187 864 1217 930 δ’
1234 863 1378 955 ἀπορεῖν
1393 865 1515 957 ἀνδρὸς
1537 875 1651 937 κακοῦ.
1691 874 1774 941 Mox
1799 883 1904 943 autam

218 970 320 1036 omnis
342 967 512 1036 adventuri
534 966 592 1031 filii
613 987 685 1048 spes
707 965 850 1039 evanuit,
873 970 908 1028 et
928 964 998 1046 ipsa
1016 963 1159 1048 Megara,
1190 969 1336 1052 quamvis
1358 991 1449 1037 caros
1470 994 1510 1039 ex
1534 973 1673 1041 Hercule
1699 984 1801 1043 natos
1821 988 1904 1046 amet

217 1085 251 1142 et
270 1081 405 1142 mortem
424 1096 484 1157 pro
506 1073 594 1158 gravi
616 1073 701 1137 malo
723 1072 843 1136 habeat
864 1068 955 1150 (ibid.
977 1071 1055 1134 281:
1087 1069 1125 1134 τό
1147 1076 1327 1136 κατθανεῖν
1348 1074 1460 1138 δεινὸν
1487 1075 1640 1158 νομίζω),
1673 1101 1753 1145 eum
1777 1083 1838 1165 qui
1861 1088 1904 1169 ,ᾧ

215 1175 388 1266 ἀναγκαίῳ
410 1175 527 1266 τρόπῳ
544 1179 691 1243 resistcre
716 1180 855 1251 conetur,
878 1173 1010 1237 stultum
1032 1173 1173 1256 adpellat
1193 1177 1425 1262 profiteturque
1448 1181 1490 1246 ad
1510 1189 1646 1248 mortem
1661 1187 1857 1254 obeundam
1868 1212 1906 1274 aa·

216 1305 285 1350 csse
305 1289 452 1366 paratam
472 1282 523 1345 his
546 1282 651 1346 vorbis
670 1303 697 1345 v.
721 1285 783 1346 284
799 1300 883 1363 sqq.:
908 1274 995 1362 ἡμᾶς
1018 1273 1048 1342 d'
1068 1278 1186 1364 ἐπειδὴ
1209 1281 1261 1345 δεῖ
1282 1286 1409 1361 θανεῖν,
1433 1283 1593 1370 θνήσκειν
1612 1287 1726 1376 χρεών
1748 1290 1801 1377 μὴ
1823 1295 1901 1377 ”⁸¹9²

216 1390 502 1465 καταξανθέντας,
528 1386 701 1471 ἐχθροῖσιν
719 1385 824 1468 γέλων
846 1382 1020 1458 διδόντας,
1051 1375 1150 1461 οὑμοὶ
1172 1384 1233 1445 τοῦ
1251 1387 1367 1447 θανεῖν
1389 1384 1503 1464 μεῖζον
1526 1385 1637 1453 κακόν.
1684 1391 1797 1458 Multo
1819 1397 1900 1460 enim

217 1488 344 1573 gravius
366 1485 486 1552 malum
508 1507 605 1568 quam
633 1489 767 1549 mortem
788 1485 849 1548 hoc
878 1487 971 1566 putat
1000 1502 1154 1566 generosa
1181 1482 1328 1548 Herculis
1356 1487 1506 1565 coniunx,
1534 1490 1561 1553 si
1590 1491 1662 1575 quis
1685 1500 1725 1559 nt
1746 1498 1819 1563 vita
1839 1501 1898 1564 frui

218 1603 344 1678 pergat,
374 1611 472 1673 parvo
499 1589 697 1671 demisseque
726 1587 833 1651 animo
862 1586 904 1650 ad
934 1585 1110 1651 crudelium
1137 1588 1277 1652 hostium
1307 1591 1557 1687 miscricordiam
1579 1597 1764 1684 confugiat,
1796 1604 1898 1671 libem

217 1705 322 1765 morte
337 1696 568 1782 ignominiosae
590 1693 673 1758 vitae
687 1692 812 1757 labores
833 1689 1019 1770 praecidere
1034 1712 1098 1755 non
1114 1690 1245 1768 audeat,
1263 1713 1368 1775 neque
1389 1695 1502 1762 decere
1518 1697 1664 1765 Herculis
1686 1701 1777 1770 filios
1798 1708 1897 1796 πενίρ

220 1803 279 1868 σὺν
302 1801 418 1888 οἰκτρᾷ
441 1798 634 1885 περιβαλεῖν
657 1794 834 1882 σωτηρίαν,
861 1790 963 1870 δόξαν
983 1793 1087 1877 κακὴν
1109 1790 1273 1874 λαβόντας
1288 1796 1422 1890 (ibide.
1436 1806 1496 1866 291
1515 1823 1560 1885 sq.
1579 1806 1663 1889 304).
1705 1808 1781 1885 Qua
1799 1812 1898 1876 animi

218 1903 433 1990 generositate
463 1903 635 1965 commotus
666 1901 762 1980 atque
792 1895 965 1979 allegare
992 1894 1034 1958 ad
1062 1901 1195 1962 mortem
1224 1899 1376 1966 invitatus
1398 1903 1489 1988 (ibid.
1510 1929 1538 1974 v,
1562 1908 1651 1993 307),
1680 1917 1719 1975 et
1745 1917 1898 1997 quoniam

221 2008 310 2072 nulla
335 2008 399 2072 iam
429 2004 553 2070 videtur
584 2024 652 2068 esse
682 2021 754 2082 spes
783 1999 849 2063 sore
878 2009 915 2062 ut
936 1998 1067 2064 Herculi
1088 1999 1146 2064 filii
1177 2013 1342 2070 serventur
1363 2008 1452 2092 (ibid.
1476 2031 1504 2074 v.
1529 2017 1608 2080 3262
1638 2012 1678 2079 οὐ
1702 2018 1772 2105 γὰρ
1796 2019 1898 2107 ἀλκὴ,

220 2110 338 2195 ἔχομεν
360 2107 446 2175 ὥστε
474 2107 519 2194 μή
550 2112 699 2189 θανεῖν),
731 2105 829 2169 etiam
850 2105 1041 2185 Amphitruo
1071 2106 1193 2171 sincero
1224 2117 1398 2195 paratoque
1428 2115 1535 2179 animo
1564 2122 1701 2181 mortem
1731 2128 1899 2203 exspectat

221 2216 311 2303 (ibid.
330 2238 356 2279 v.
372 2220 433 2281 31ss
448 2214 530 2297 sqq)
551 2215 588 2274 ut
608 2208 753 2273 ultimam
774 2207 930 2271 malorum
953 2207 1151 2275 medicinam.
1191 2211 1268 2277 Tum
1292 2237 1366 2280 vero
1388 2238 1458 2281 cum
1480 2220 1546 2284 iam
1566 2221 1774 2290 victimarum
1796 2230 1897 2294 instar

100 2319 106 2331 '
220 2324 327 2406 parati
346 2322 388 2388 ad
409 2326 545 2384 mortem
566 2316 715 2391 tendunt,
744 2313 847 2378 dulcis
870 2313 954 2377 vitae
981 2315 1134 2379 momoria
1161 2325 1349 2396 experrecta
1377 2341 1415 2384 ac
1436 2322 1536 2386 tristis
1566 2328 1778 2404 parvulorum
1801 2332 1895 2394 mori-

220 2434 364 2492 turorum
384 2424 553 2505 adspectus
572 2422 734 2503 Megaram
755 2424 788 2483 et
809 2416 1071 2498 Amphitruonem
1093 2422 1160 2483 tam
1179 2421 1301 2505 ingenti
1323 2424 1476 2490 adficiunt
1495 2429 1620 2492 vivendi
1643 2432 1844 2512 cupiditate,
1864 2443 1899 2502 ut

224 2534 332 2598 lovem
351 2530 527 2611 inplorent,
550 2525 689 2590 absentis
706 2522 852 2588 Herculis
870 2525 1009 2601 patrem,
1032 2525 1068 2584 ut
1080 2530 1277 2602 praesentem
1293 2527 1403 2591 mittat
1417 2529 1517 2594 silium
1534 2533 1631 2612 patri,
1651 2536 1765 2613 uxori,
1788 2539 1898 2605 liberis

223 2635 378 2701 auxilium
399 2629 595 2696 adferentem
618 2626 706 2711 (ibid.
723 2649 750 2693 v.
767 2632 825 2692 491
849 2646 915 2708 sqq.
940 2630 1001 2690 498
1017 2627 1108 2709 sqq).
1153 2627 1196 2690 Et
1218 2628 1346 2693 advenit
1367 2633 1496 2713 quidem
1518 2635 1671 2700 Hercules
1693 2639 1898 2726 salutemque

223 2744 319 2822 parat
338 2735 593 2818 desperantibus,
615 2735 670 2816 qui
692 2734 726 2797 in
748 2737 890 2797 extremo
904 2731 988 2794 vitae
1002 2729 1144 2810 periculo
1166 2753 1229 2795 non
1245 2739 1319 2797 sunt
1340 2736 1443 2812 obliti,
1466 2759 1564 2819 quam
1584 2739 1676 2803 dulce
1699 2750 1791 2808 esset
1811 2746 1900 2812 clera

223 2841 298 2908 solis
320 2841 390 2905 luce
411 2839 596 2920 deliciisque
617 2837 701 2902 vitae
722 2835 794 2902 frui.
816 2874 859 2881 -
881 2834 919 2898 ln
942 2833 1110 2917 Hippolyti
1131 2835 1267 2921 denique
1287 2840 1396 2905 sabula
1417 2843 1535 2906 totiens
1555 2844 1713 2910 acerrima
1737 2852 1898 2916 moriendi

222 2944 381 3011 desideria
402 2942 564 3008 exhibenti
594 2941 731 3022 primum
761 2938 891 3022 quidem
915 2938 1095 3006 Phaedram
1119 2941 1276 3006 cernimus
1304 2943 1451 3024 inparem
1480 2946 1616 3012 adulteri
1647 2953 1774 3017 amoris
1796 2957 1898 3022 aestui

221 3044 417 3131 perferendo.
454 3046 556 3110 Tanta
577 3046 675 3121 enim,
697 3046 818 3119 utiam
841 3044 977 3108 vidimus
999 3043 1083 3128 (pag.
1106 3044 1159 3127 39)
1182 3044 1341 3110 interdum
1363 3048 1410 3112 vis
1426 3048 1574 3128 Venerio,
1596 3058 1662 3116 tam
1685 3057 1803 3138 gravia
1822 3058 1898 3127 inde

222 3160 294 3218 orta
316 3152 401 3216 κακὰ
424 3153 557 3236 θνητῶν
574 3147 731 3235 οτυγεραί
751 3173 787 3214 τε
809 3146 902 3213 νόσοι
926 3150 995 3233 (cir.
1013 3172 1041 3216 v.
1064 3155 1122 3216 176
1140 3152 1220 3230 sqq.)
1242 3170 1310 3215 esse
1331 3151 1486 3229 ridentur,
1508 3160 1544 3218 ut
1564 3154 1693 3221 infirma
1713 3158 1839 3224 femina
1860 3185 1899 3229 ea

222 3257 378 3322 sustinere
399 3275 463 3318 non
484 3254 586 3335 possit
603 3259 636 3317 et
651 3253 768 3318 amoris
782 3252 890 3317 dolore
905 3274 1055 3335 percussa
1069 3260 1204 3319 mortem
1221 3255 1283 3319 sibi
1302 3264 1431 3339 exoptet
1447 3261 1536 3345 (ibid.
1549 3285 1577 3328 v.
1594 3268 1652 3327 tlt)
1665 3286 1735 3348 sqq.
1752 3273 1818 3336 276
1828 3271 1897 3357 sq.)

224 3360 393 3441 Postquam
414 3357 513 3440 igitur
534 3355 652 3419 frustra
678 3354 824 3419 Phaedra
846 3362 960 3420 conata
982 3364 1031 3421 est
1052 3379 1157 3423 acrem
1187 3356 1440 3445 indomitumque
1462 3366 1562 3428 animi
1584 3366 1749 3434 adfectum
1772 3376 1896 3442 rationo

225 3482 369 3527 coercere
391 3459 479 3545 (ibid.
500 3481 528 3522 v.
558 3464 617 3525 391
643 3461 738 3544 sqq),
768 3460 849 3525 fame
874 3461 906 3525 id
929 3462 1060 3544 adsequi
1090 3460 1227 3545 quaerit,
1258 3467 1295 3526 ut
1323 3469 1357 3528 et
1384 3465 1480 3531 fidem
1508 3490 1603 3551 quam
1630 3472 1750 3538 debeat
1780 3480 1894 3547 marito

225 3571 328 3632 servet
353 3570 386 3630 et
408 3563 527 3628 doloris
547 3562 741 3628 intolerabih
759 3569 848 3628 aestu
874 3585 907 3629 se
930 3564 1058 3640 liberet,
1083 3569 1120 3628 ut
1140 3563 1238 3639 dolor,
1275 3587 1369 3648 quem
1392 3591 1478 3635 mors
1496 3574 1666 3656 unicuique
1690 3577 1816 3658 adfert,
1837 3604 1896 3664 pro

225 3669 383 3736 medicina
404 3669 460 3744 sit,
489 3666 631 3731 dolorem
652 3686 733 3748 quae
756 3672 853 3730 necat
906 3667 948 3729 Et
969 3673 1055 3732 recte
1078 3665 1206 3750 quidem
1228 3667 1331 3732 adhuc
1360 3670 1520 3737 Phaedra:
1548 3696 1622 3739 nam
1644 3677 1737 3742 decet
1761 3683 1898 3751 feminas

224 3767 389 3835 moriendo
410 3767 609 3831 honestatem
631 3787 756 3830 serrare
777 3787 874 3849 quam
894 3768 980 3847 turpi
1003 3773 1036 3832 et
1056 3789 1155 3849 prava
1179 3771 1226 3834 uti
1248 3773 1343 3838 malle
1364 3776 1449 3840 vitae
1471 3777 1664 3844 condicione.
1718 3781 1800 3849 Cum
1822 3809 1898 3854 vero

224 3874 349 3949 nutrix,
371 3870 460 3935 cuius
481 3868 589 3934 scedas
611 3869 650 3934 de
670 3869 833 3934 hominum
855 3871 922 3935 vita
944 3873 1118 3937 sententias
1138 3874 1202 3938 iam
1224 3897 1320 3958 supra
1341 3875 1385 3963 (p.
1409 3880 1463 3964 35)
1486 3888 1804 3952 commemoravimus
1826 3892 1895 3970 (cir.

223 4006 250 4047 v·
277 3986 337 4048 175
358 3999 424 4061 sqq.
448 3981 510 4043 354
531 3995 598 4057 sqq.
622 3980 683 4040 433
706 3977 801 4060 sqq),
835 3975 940 4057 pravis
970 3975 1135 4041 blanditiis
1162 3979 1252 4060 quasi
1273 4002 1395 4045 veneno
1417 3982 1564 4051 dominae
1585 3989 1728 4053 animum
1748 3992 1800 4058 ita
1820 4017 1895 4060 con-

223 4086 323 4169 rupi(
344 4088 382 4148 ut
402 4080 585 4164 prohibitae
606 4076 750 4142 hbidinis
771 4079 838 4159 spei
861 4077 1055 4162 indulgeret,
1077 4089 1145 4146 tum
1168 4084 1313 4149 Phaedra
1335 4087 1478 4154 dolorem
1500 4094 1591 4156 auxit
1611 4095 1743 4176 scelere,
1766 4102 1897 4169 sceleris

224 4191 350 4273 culpam
378 4188 493 4252 timore
526 4183 728 4269 ignominiae.
783 4183 864 4248 Nam
893 4206 965 4249 cum
995 4187 1186 4271 Hippolytus
1214 4195 1341 4272 turpem
1375 4197 1486 4261 matris
1516 4219 1657 4265 amorem
1687 4210 1898 4287 comperisset

225 4297 419 4375 oompertam
440 4309 522 4372 puro
544 4287 650 4353 animo
672 4286 885 4367 repudiasset,
907 4288 967 4352 hac
988 4287 1208 4369 repudiatione
1232 4291 1331 4355 multo
1354 4296 1457 4379 magis
1478 4297 1639 4364 adflictam
1660 4301 1842 4372 adulteram
1862 4315 1897 4375 et

225 4399 317 4463 simul
344 4402 518 4470 verentem,
549 4415 589 4458 ne
617 4391 759 4474 perfidae
788 4395 895 4457 uxoris
917 4392 1050 4459 infamia
1072 4393 1112 4459 ad
1132 4393 1283 4459 maritum
1304 4400 1500 4478 perveniret,
1528 4403 1631 4468 maius
1661 4406 1761 4472 etiam
1783 4414 1898 4478 mortis

225 4499 416 4565 desiderium
436 4497 599 4579 conripuit
617 4495 708 4579 (ibid.
729 4518 758 4564 v.
781 4501 843 4563 599
866 4519 929 4581 sqe
962 4493 1021 4563 οὐκ
1045 4492 1122 4565 οῖδα
1144 4499 1230 4584 πλὴν
1253 4501 1296 4576 ἓν,
1322 4510 1505 4570 κατθανεῖν
1524 4505 1605 4571 ὅσον
1624 4508 1725 4588 τόχος
1748 4517 1818 4577 ταῖν
1840 4519 1899 4580 νῦν

227 4603 401 4687 παρόντοιν
424 4602 587 4687 πημάτων
610 4593 690 4677 ὄίκας
718 4597 847 4682 μόνον).
900 4598 1012 4683 Itaque
1033 4602 1150 4668 misera
1170 4605 1256 4685 perit
1278 4605 1426 4674 Phaedra
1451 4631 1509 4674 sua
1535 4611 1634 4693 ipsius
1655 4635 1754 4679 manu
1773 4619 1897 4699 perditi

225 4700 344 4769 amoris
363 4700 564 4788 hbrdmrsque
586 4703 757 4771 effrenatae
778 4725 897 4787 poenas
917 4705 1008 4770 luens
1020 4705 1110 4790 (ibid.
1122 4728 1149 4772 v.
1162 4711 1224 4771 725
1235 4728 1302 4792 sqq.
1325 4712 1490 4796 777sqq.),
1511 4734 1606 4795 quam
1630 4716 1716 4798 quod
1738 4740 1782 4786 ne
1802 4743 1897 4806 gene

223 4823 300 4870 rosa
326 4799 456 4887 quidem
482 4813 582 4871 morte
610 4811 794 4888 pereuntem
823 4807 953 4874 finxerit
979 4815 1088 4890 poeta,
1115 4810 1232 4876 sedin
1261 4815 1331 4895 ipso
1359 4816 1524 4881 moriendo
1550 4819 1712 4903 ignavam,
1744 4822 1900 4904 dolosam,

223 4905 425 4981 mendacem,
447 4902 649 4976 dilectissimo
670 4909 858 4995 Hippolyto,
878 4934 974 4995 quem
994 4917 1063 4977 tam
1081 4911 1206 4997 ingenti
1226 4935 1335 4979 amore
1355 4915 1505 4997 amplexa
1524 4924 1609 4998 erat,
1637 4922 1827 4992 mortiferas
1849 4928 1897 4994 in-

224 5012 323 5079 sidias
347 5011 524 5078 ementem
545 5009 633 5093 (ibid
653 5035 681 5078 r.
703 5017 782 5080 728:
814 5017 938 5101 πικροῦ
965 5009 995 5078 d’
1024 5011 1150 5101 ι’·’ρωτος
1170 5009 1421 5101 lavariocam.
1450 5015 1537 5110 ἀτὰρ
1564 5021 1666 5090 κακόν
1692 5047 1732 5110 ys
1758 5026 1896 5123 χᾶτίρρ
