4236 5624
234 703 277 791 po

236 863 365 930 Orestes
386 863 466 929 adeo
489 864 555 929 irae
583 863 742 947 indulget,
772 869 808 927 ut
828 864 925 929 etiam
952 862 1035 926 vitae
1063 860 1167 942 pretio
1193 858 1226 924 id
1249 859 1381 943 adsequi
1412 860 1532 942 cupiet.
1562 867 1598 924 ut
1619 861 1791 927 Menelaus
1810 865 1914 930 malus

236 968 318 1032 male
340 974 451 1050 pereat
474 967 544 1053 (cfr.
565 966 665 1032 Orest.
683 989 709 1033 v.
728 974 819 1035 1100.
846 968 956 1051 11¹6),
979 987 1080 1048 neque
1102 965 1241 1031 haesitat
1262 963 1333 1030 dira
1354 962 1481 1041 Medea,
1502 963 1684 1031 detestabili
1704 965 1823 1031 mariti
1842 988 1911 1049 per·

236 1072 313 1138 lidia
334 1072 376 1138 ad
398 1071 540 1138 fimorem
560 1077 628 1137 tota
649 1076 815 1154 conrepta,
844 1075 979 1135 mortem
1002 1071 1063 1135 sibi
1093 1069 1253 1151 inplorare
1283 1076 1320 1134 ut
1340 1069 1488 1135 ultimum
1510 1070 1711 1136 miseriarum
1736 1073 1911 1138 termium

232 1179 303 1263 (cfr.
318 1178 402 1245 Med,
414 1202 441 1246 ι.
451 1184 493 1246 97
502 1198 549 1261 sq.
571 1186 631 1245 144
644 1197 713 1260 sqq.
735 1182 798 1242 226
814 1176 911 1258 sqq),
933 1173 988 1238 sed
1012 1173 1044 1237 id
1067 1175 1150 1257 agit,
1171 1177 1207 1237 ut
1228 1173 1354 1238 etiamsi
1375 1172 1576 1238 moriendum
1595 1174 1657 1239 sibi
1680 1175 1739 1251 sit,
1763 1185 1912 1243 muenms

233 1288 343 1348 himen
370 1303 490 1365 poenas
518 1282 558 1348 ab
582 1281 695 1347 Iasone
724 1285 861 1362 repetat,
890 1280 958 1345 eius
986 1301 1116 1344 uxorem
1147 1285 1180 1344 et
1208 1299 1353 1343 socerum
1382 1278 1456 1344 dolo
1486 1279 1666 1357 mortifero,
1695 1301 1797 1348 saeve
1816 1303 1910 1348 manu

232 1384 352 1451 liberos
369 1405 442 1449 suos
463 1406 504 1448 ex
525 1383 638 1448 Iasone
659 1386 750 1446 natos
769 1378 907 1443 trucidet
919 1377 1010 1463 (ibid.
1022 1402 1050 1446 r.
1063 1379 1149 1462 392).
1186 1379 1268 1444 Nam
1289 1380 1329 1444 iis
1347 1380 1498 1465 ingeniis,
1520 1381 1636 1464 quibus
1654 1382 1912 1450 vehementiores

232 1490 333 1555 animi
354 1495 459 1554 motus
481 1495 598 1569 natura
618 1485 745 1560 tribuit,
775 1505 857 1568 quae
878 1484 979 1567 magis
1000 1488 1033 1548 et
1052 1503 1160 1548 amare
1183 1489 1316 1564 possunt
1337 1489 1370 1548 et
1392 1482 1496 1549 odisse
1521 1505 1617 1569 quam
1638 1487 1741 1551 ceteri
1765 1487 1909 1556 homines

231 1602 266 1662 et
280 1595 408 1659 omnino
429 1594 470 1658 ab
493 1590 721 1675 aequabilitate
742 1586 882 1671 quadam
894 1585 1077 1652 adfectuum
1093 1591 1126 1649 et
1141 1584 1239 1650 totius
1253 1585 1337 1650 uitae
1353 1584 1540 1664 abhorrent,
1562 1589 1661 1654 multo
1678 1593 1909 1671 praestabilius

231 1699 351 1764 bonum
372 1717 440 1763 esse
463 1695 594 1769 videtur,
624 1693 785 1759 atrocibus
813 1690 1007 1756 facinoribus
1036 1709 1154 1771 poenas
1183 1689 1372 1754 iniuriarum
1401 1690 1452 1755 uel
1482 1690 1544 1756 sibi
1566 1692 1616 1758 rel
1636 1694 1703 1758 suis
1733 1694 1907 1761 inlaturum

232 1808 380 1884 repetere
403 1821 494 1883 posse
515 1821 610 1884 quam
631 1817 766 1883 pergere
786 1796 853 1861 rita
874 1796 935 1871 uti,
957 1815 1037 1877 quae
1055 1792 1172 1857 nullius
1190 1791 1252 1858 sibi
1270 1793 1313 1858 sit
1326 1795 1437 1876 pretii,
1459 1795 1608 1878 quoniam
1625 1796 1741 1878 poeuis
1762 1797 1908 1879 repetitis

230 1905 582 1993 roseweldense).
612 1904 726 1971 Pereat
744 1902 843 1986 igitur
863 1901 944 1976 vita,
966 1905 1099 1981 pereant
1119 1898 1187 1964 eius
1207 1895 1406 1974 dulcedines,
1428 1897 1521 1965 modo
1542 1919 1662 1980 menas
1682 1921 1908 1985 exsequamur,

231 2011 438 2096 exsequendo
464 2032 535 2077 eam
566 2009 659 2075 nobis
680 2028 828 2091 paremus
852 2003 1065 2077 dulcedinem,
1095 2021 1176 2084 quae
1206 1998 1241 2062 in
1271 1997 1450 2064 ulciscendo
1476 2000 1582 2081 posita
1611 2021 1681 2067 esse
1702 2001 1857 2069 videatur
1876 2014 1908 2071 et

232 2137 343 2181 omnes
361 2115 441 2180 alias
460 2114 718 2180 vitaehumanae
740 2109 925 2176 dulcedines
946 2105 1139 2187 deliciasque
1161 2107 1299 2183 superet.
1335 2100 1422 2178 Quas
1445 2101 1573 2184 quidem
1594 2103 1751 2170 atrocitas
1767 2127 1809 2171 ex
1824 2106 1907 2173 iusto

232 2213 370 2298 quodam
390 2221 423 2280 et
444 2234 503 2296 per
524 2235 557 2278 se
573 2231 727 2297 generoso
741 2209 912 2293 aequitatis
927 2227 1034 2281 sensu,
1057 2205 1192 2270 ntamme
1212 2206 1392 2271 hominibus
1406 2227 1470 2271 non
1492 2206 1668 2285 humilibus
1689 2210 1815 2291 innato,
1837 2220 1908 2279 orta

230 2339 298 2384 esse
320 2317 452 2396 ridetur,
471 2318 527 2402 qui
544 2338 653 2382 sensus
673 2316 818 2381 homines
837 2335 927 2380 acres
947 2317 980 2379 et
998 2318 1143 2377 strenuos
1166 2310 1257 2377 facile
1282 2332 1320 2377 eo
1345 2311 1490 2389 adducit,
1512 2319 1548 2377 ut
1568 2315 1666 2381 etiam
1688 2316 1779 2384 uitae
1802 2321 1905 2401 pretio

229 2426 263 2491 id
284 2427 431 2492 obtinere
452 2425 614 2500 studeant,
637 2432 674 2488 ut
695 2444 752 2489 sue
773 2423 886 2505 cuique
908 2422 980 2485 iura
999 2418 1169 2502 obtingant
1189 2424 1222 2482 et
1242 2416 1408 2483 hominum
1428 2415 1514 2482 faeta
1536 2416 1610 2482 fatis
1630 2429 1856 2503 exaequean
1873 2430 1904 2488 et

228 2535 489 2612 compensentur3
509 2536 644 2611 peccant
657 2534 764 2593 autem
781 2527 835 2591 isti
851 2525 994 2590 homines
1016 2525 1118 2594 ineo,
1140 2522 1225 2606 quod
1243 2523 1343 2588 nimio
1363 2520 1544 2589 adfectuum
1565 2523 1673 2588 ardori
1696 2525 1905 2612 indulgentes

229 2639 263 2698 et
283 2633 430 2698 homines
451 2653 485 2697 se
507 2651 588 2706 esse,
618 2636 655 2696 ut
680 2632 727 2696 ita
747 2630 864 2704 dicam,
894 2629 1083 2694 inmemores
1111 2632 1227 2707 putant
1247 2627 1309 2691 sibi
1330 2647 1399 2692 esse
1420 2647 1441 2691 a
1462 2627 1529 2692 fato
1550 2627 1629 2692 illud
1652 2627 1834 2696 mordendi
1855 2632 1903 2697 rel

229 2734 428 2821 exaequandi
450 2756 564 2800 munus
586 2734 739 2802 nuditum
761 2742 794 2802 et
823 2736 868 2800 sic
895 2734 954 2799 fati
982 2732 1094 2797 ultoris
1117 2738 1224 2813 partes
1250 2733 1312 2815 ipsi
1341 2753 1404 2797 non
1427 2733 1530 2799 vocati
1553 2733 1743 2816 suscipiunt
1790 2736 1905 2822 ltaque

231 2841 358 2920 Medea,
388 2841 461 2908 odio
489 2849 523 2909 et
549 2841 722 2908 ulciscendi
752 2840 926 2923 eupiditate
955 2859 1018 2903 non
1048 2837 1152 2900 minus
1182 2836 1265 2900 acris
1294 2842 1327 2900 et
1356 2836 1525 2902 vehemens
1546 2857 1641 2920 quam
1662 2844 1764 2906 antea
1786 2844 1902 2907 amoris

227 2945 357 3019 ardore,
379 2946 516 3013 crudelis
537 2969 624 3021 uxor,
651 2946 788 3010 inmanis
809 2951 920 3020 mater,
949 2965 1022 3009 cum
1044 2943 1141 3006 vitam
1164 2940 1281 3006 nullius
1303 2943 1399 3023 pretii
1421 2948 1454 3008 et
1474 2941 1747 3025 profundefflam,
1774 2946 1802 3011 si
1824 2968 1904 3030 opus

229 3058 326 3124 esset,
348 3048 561 3124 existimaret,
589 3048 667 3112 satis
689 3047 847 3129 probauit,
876 3067 939 3131 quo
961 3045 1080 3111 arctius
1100 3043 1211 3109 fuisset
1232 3051 1265 3110 et
1284 3043 1408 3110 dulcius
1428 3047 1545 3111 amoris
1567 3045 1745 3125 vinculum,
1768 3070 1809 3114 eo
1828 3072 1898 3135 gre·

225 3151 343 3226 riores,
365 3153 391 3216 si
408 3154 481 3236 quis
496 3153 634 3235 nrpisset
647 3151 707 3216 hoc
723 3152 977 3228 vineuluni,lesse
992 3150 1093 3215 solere
1112 3149 1229 3214 amoris
1248 3148 1385 3228 dolores,
1406 3151 1521 3235 quibus
1534 3150 1698 3218 doloribus
1710 3151 1855 3222 distorta
1869 3166 1902 3222 et

225 3273 356 3336 prorsus
375 3253 506 3319 efferata
527 3275 621 3319 saeva
636 3252 762 3317 Colchis
782 3259 849 3317 tam
871 3251 952 3315 diris
974 3251 1120 3316 Iasonem
1132 3253 1243 3333 poenis
1256 3252 1387 3331 adfecit,
1411 3254 1439 3318 is
1460 3260 1497 3320 ut
1511 3262 1717 3340 cognosceret
1734 3264 1901 3342 muner

224 3355 321 3434 λέχος
343 3351 537 3418 πολύπονον
560 3377 628 3421 esse
658 3362 691 3422 et
711 3355 860 3440 gravibus
888 3353 981 3419 milis
1007 3352 1172 3420 adflictare
1199 3356 1349 3422 mortales
1371 3356 1460 3441 libid.
1483 3379 1512 3424 v,
1537 3359 1640 3441 1291).
1691 3357 1759 3426 Sed
1781 3361 1816 3426 in
1841 3363 1901 3430 hac

224 3476 350 3540 quoque
371 3454 480 3522 fabula
507 3477 572 3522 non
600 3478 764 3540 possumus
791 3459 942 3542 probare,
972 3458 1056 3542 quod
1079 3457 1249 3540 Euripides
1279 3461 1435 3545 tragicam
1464 3463 1528 3525 vim
1549 3447 1732 3528 diminuens
1755 3473 1792 3531 et
1809 3470 1900 3552 qussi

214 3560 403 3647 obtundens
432 3559 578 3626 Medeam
605 3569 702 3629 antea
729 3564 840 3629 mortis
866 3562 1014 3645 cupidam
1036 3568 1113 3626 tunc
1134 3568 1207 3642 post
1227 3567 1276 3627 tot
1295 3569 1448 3646 tantaque
1468 3568 1596 3645 patrata
1616 3563 1741 3631 scelera
1761 3571 1901 3651 turpiter

224 3663 309 3728 ritae
334 3684 442 3729 amore
464 3662 650 3730 obstrictam
676 3665 781 3745 finxit,
810 3673 844 3732 et
864 3688 960 3750 quam
982 3665 1090 3730 decuit
1113 3664 1315 3731 horribilium
1346 3665 1522 3731 facinorum
1548 3687 1667 3748 poenas
1694 3667 1835 3749 solvere,
1857 3675 1901 3739 ab

223 3767 322 3835 exitio
341 3767 483 3833 Athenas
513 3768 630 3844 erexit,
657 3771 748 3852 quasi
779 3770 843 3836 rita
871 3770 1040 3853 praecipue
1070 3768 1212 3838 scelestis
1241 3771 1423 3838 hominibus
1451 3772 1635 3855 quaerenda
1662 3774 1839 3856 videretur,
1868 3787 1902 3845 et

223 3872 466 3940 Atheniensium
481 3871 558 3937 urbs
578 3894 641 3938 non
658 3874 759 3939 solum
780 3875 977 3960 praesidium
999 3882 1031 3942 et
1051 3881 1214 3958 tamquam
1232 3895 1291 3939 arx
1310 3880 1394 3940 esset
1409 3874 1535 3940 miseris
1555 3880 1590 3941 et
1603 3876 1714 3960 inique
1727 3885 1901 3963 oppreoeis,

221 3999 331 4045 rerum
352 3977 450 4043 etiam
469 3981 580 4058 portus
601 3986 634 4043 et
651 3979 886 4060 receptaculum
904 3979 1035 4046 nefariis
1056 3978 1239 4043 hominibus
1261 3985 1294 4044 et
1309 3979 1425 4044 iustam
1443 3999 1579 4060 poenam
1594 3979 1794 4066 fugientibus
1806 3988 1896 4072 (ibid.

221 4104 248 4151 v.
257 4088 328 4148 709.
353 4086 425 4148 729.
449 4083 520 4147 768.
548 4082 651 4167 1384).
669 4118 706 4128 —
732 4080 802 4159 Qua
824 4080 944 4148 diruet
964 4081 1065 4146 amoci
1084 4082 1311 4165 generositate,
1334 4083 1505 4167 siquidem
1519 4087 1717 4168 generositas
1735 4091 1897 4174 adpellari

223 4192 337 4267 potest,
359 4206 423 4270 qua
444 4183 616 4250 ulciscendi
638 4183 747 4265 cupidi
768 4185 803 4248 in
825 4205 915 4249 suum
941 4182 1140 4248 commodum
1160 4205 1295 4267 suasque
1318 4184 1449 4252 delicias
1471 4194 1612 4266 utuntur,
1634 4190 1736 4256 multo
1758 4198 1900 4264 maiora

222 4289 269 4354 uel
284 4297 370 4356 certe
385 4291 529 4373 puriores
547 4295 587 4355 et·
599 4289 773 4356 sanctores
791 4310 900 4354 eorum
916 4288 1073 4371 praeclari
1091 4288 1191 4353 animi
1206 4288 1349 4354 adfectus
1370 4289 1507 4367 elucent,
1530 4293 1586 4373 qui
1600 4301 1750 4375 prompto
1766 4306 1892 4380 parato

219 4413 282 4475 que
302 4394 408 4457 urrimo
430 4393 528 4458 vitam
549 4393 584 4456 in
606 4392 742 4457 aliorum
770 4392 969 4457 commodum
991 4394 1182 4476 profundere
1205 4417 1269 4460 non
1291 4395 1454 4472 dubitent,
1482 4418 1545 4480 quo
1567 4398 1617 4464 his
1638 4399 1789 4482 eduam,
1815 4405 1900 4489 ipsis

220 4495 282 4559 sibi
303 4495 443 4575 laudem,
465 4498 632 4576 honorem,
654 4497 788 4583 gloriam
811 4506 934 4580 parent.
972 4498 1053 4564 Nam
1075 4500 1262 4583 plerumque
1285 4499 1334 4565 rel
1353 4500 1459 4581 potius
1476 4521 1601 4583 semper
1615 4501 1794 4573 honestatis
1807 4508 1897 4577 &ma

220 4597 342 4679 pariter
369 4623 407 4666 se
428 4603 507 4668 recti
530 4601 718 4687 honestique
741 4623 850 4670 sennis
871 4604 969 4668 etiam
991 4605 1050 4670 hos
1071 4604 1112 4670 ad
1134 4625 1285 4689 generose
1311 4605 1470 4689 agendum
1490 4606 1646 4688 inpellere
1667 4608 1806 4681 videtur.
1848 4614 1897 4682 Ac

221 4696 360 4780 primum
382 4700 508 4781 quidem
530 4723 639 4768 eorum
663 4703 786 4770 exceha
805 4705 904 4771 animi
928 4706 1063 4772 intentio
1086 4707 1361 4775 commemoranda
1380 4708 1513 4788 ridetur,
1534 4710 1591 4794 qui
1611 4716 1679 4776 tam
1700 4721 1794 4780 aeto
1815 4717 1894 4786 fide

218 4802 321 4867 litatis
343 4801 466 4868 vinculo
494 4827 564 4871 eum
586 4805 724 4872 dominis
745 4828 778 4873 se
800 4808 984 4876 coniunctos
1012 4811 1216 4889 arbitrentur,
1245 4820 1282 4878 ut
1301 4833 1360 4896 pro
1382 4835 1492 4880 eorum
1515 4816 1582 4882 rita
1602 4816 1653 4882 vel
1673 4817 1780 4887 salute
1803 4844 1895 4891 m

220 4909 363 4990 ipsorum
386 4905 484 4970 vitem
508 4910 557 4974 vel
578 4911 713 4978 salutem
736 4910 813 4978 dare
836 4934 899 4979 non
928 4913 1090 4993 dubitent,
1119 4916 1212 4983 modo
1234 4916 1409 4983 honestatis
1431 4918 1557 4985 laudem
1587 4919 1816 5004 adsequantur.
1861 4928 1895 4994 Si

221 5010 319 5090 *dtur
339 5011 372 5077 in
395 5008 500 5097 lphig.
516 5010 619 5083 Aulid
636 5037 665 5083 r.
679 5019 742 5084 312
759 5013 842 5080 fidus
863 5016 956 5083 herili
978 5019 1085 5084 domui
1110 5040 1205 5088 senex
1226 5020 1394 5103 profitetur
1415 5024 1582 5105 epistolam
1605 5023 1755 5096 Menelao
1773 5051 1809 5099 se
1829 5054 1897 5099 non
