4236 5624
1863 734 1903 795 47

228 899 421 986 patientior
445 895 595 965 saiofo'.
619 896 659 963 ἵν’
685 899 765 985 εἰδῇ.
790 901 834 983 μὴ
856 897 909 964 'nl
930 907 1000 975 soie
1022 899 1115 965 e'iioie
1138 904 1253 961 κακῶς
1278 894 1405 976 iiitiqldc
1426 890 1511 959 siem
1533 898 1600 959 ni.
1624 898 1678 961 ctr.
1702 919 1726 956 i.
1745 899 1902 980 879sqq.)

233 1009 268 1069 et
291 1006 339 1069 ita
360 1025 400 1068 ne
421 1001 592 1067 scintillam
614 1001 741 1084 quidem
764 1000 861 1064 ullam
884 999 1008 1062 divinae
1031 998 1188 1073 flammae,
1218 1021 1299 1081 quae
1326 1002 1357 1063 in
1382 999 1625 1064 sceleratissimo
1647 1021 1771 1082 quoque
1793 1022 1900 1066 amore

231 1107 334 1171 inesse
356 1106 490 1179 videtur,
520 1106 751 1188 relinquentem
782 1105 887 1169 nescio
914 1126 955 1167 au
985 1102 1156 1167 dolendum
1178 1104 1270 1167 nobis
1299 1102 1451 1168 videatur.
1488 1140 1527 1149 «-
1561 1103 1608 1166 llo
1635 1102 1754 1167 'lliesco
1778 1125 1901 1168 summa

230 1214 361 1288 propter
384 1211 526 1287 ereptam
548 1206 608 1270 sibi
630 1226 760 1269 uxorem
778 1204 937 1268 miiestitia
957 1210 1112 1266 commoto
1129 1212 1162 1268 et
1176 1205 1331 1269 moriendi
1349 1206 1463 1286 cupido
1480 1209 1541 1269 iiim
1560 1206 1679 1270 dictum
1697 1214 1745 1271 est
1756 1211 1841 1292 (pag.
1858 1215 1898 1275 42

228 1309 283 1375 cfr.
299 1311 460 1393 llippolyt.
473 1332 498 1375 v.
511 1313 573 1374 817
586 1316 675 1391 sqq).
699 1307 843 1372 Eundem
858 1308 945 1369 novis
959 1314 1070 1386 postea
1091 1313 1124 1371 et
1146 1310 1343 1391 gravioribus
1365 1309 1526 1374 doloribus
1547 1310 1742 1375 iulllictatuui
1758 1311 1899 1376 videmus

231 1421 266 1477 et
288 1422 424 1477 mortem
447 1413 548 1478 denuo
571 1414 631 1477 sibi
652 1420 855 1494 exoptantem
877 1410 965 1496 (ibid.
989 1431 1013 1476 v.
1043 1417 1128 1477 1325.
1155 1413 1259 1494 1408),
1283 1434 1354 1475 cuin
1376 1413 1480 1477 Diana
1502 1414 1679 1478 dementem
1700 1415 1768 1478 eius
1789 1416 1896 1478 incon·

231 1518 454 1594 siderantiam,
476 1540 540 1600 qun
563 1519 761 1581 innocentem
779 1515 877 1579 tilium
894 1513 1095 1595 perdidisset,
1118 1518 1390 1599 reprehendisset,
1413 1529 1447 1583 ct
1460 1520 1492 1581 iu
1513 1519 1650 1584 eiusdem
1669 1520 1793 1584 fabulae
1812 1522 1899 1585 exitu

228 1621 297 1703 ipse
320 1621 373 1685 ille.
390 1621 487 1697 filius,
509 1644 603 1703 quoni
619 1621 776 1684 insontem
797 1619 897 1699 patris
918 1618 1006 1685 dirae
1024 1641 1132 1700 prema
1154 1623 1187 1684 iu
1211 1623 1385 1703 perniciem
1406 1625 1670 1704 praecipitarunt,
1692 1634 1758 1688 tam
1773 1626 1900 1690 acribus

229 1728 374 1808 corporis
398 1728 591 1792 cruciatibus
613 1725 767 1800 adficitur,
797 1733 833 1788 ut
860 1725 898 1788 iis
928 1746 1056 1806 prorsus
1085 1727 1178 1807 inpar
1208 1727 1405 1808 perferendis
1427 1732 1586 1793 constanti
1617 1742 1649 1793 et
1671 1733 1793 1794 siucero
1816 1733 1896 1796 desi-

230 1827 323 1893 derio
352 1838 388 1893 ut
409 1831 554 1894 ultimam
578 1831 716 1893 omnium
740 1834 773 1893 et
799 1829 939 1909 corporis
959 1835 993 1892 et
1013 1831 1110 1892 animi
1134 1829 1287 1894 malorum
1312 1830 1501 1896 medicinam
1525 1834 1584 1898 sibi
1608 1845 1741 1899 mortem
1761 1835 1899 1917 inploret

229 1932 309 1998 ibid.
326 1957 353 1999 v,
376 1942 456 2001 1350
478 1956 559 2018 sqqa
590 1931 648 1996 καί
669 1957 728 2015 μοι
754 1930 906 2006 Θάνατος
928 1928 1041 1993 Παιὰν
1062 1928 1160 1994 ἔλθοι
1185 1982 1191 1994 .
1217 1981 1224 1993 .
1250 1980 1256 1993 .
1281 1929 1356 1995 elue
1377 1956 1419 2012 με
1443 1933 1604 2008 soanensis
1630 1937 1684 1997 iiie
1706 1923 1898 2000 diiadm‘uor'

225 2031 346 2099 ’Ἅιδου
368 2037 510 2114 μέλαινα
536 2034 688 2118 vonzinse
707 2029 735 2098 ‘c'
758 2031 893 2116 ἀνάγκα.

357 2144 429 2217 Qua
450 2142 483 2203 iu
507 2139 615 2205 tabula
636 2141 664 2202 si
685 2146 733 2202 tot
762 2140 1017 2211 lamentationes,
1050 2144 1116 2200 tani
1139 2140 1245 2203 tristes
1274 2148 1305 2201 et
1328 2139 1493 2222 langiudiis
1515 2141 1554 2204 de
1579 2142 1739 2207 bominum
1763 2149 1828 2210 vita
1850 2151 1896 2211 in-

233 2248 375 2311 venimus
396 2247 569 2311 sententias
590 2269 648 2310 uee.
670 2245 855 2328 quidquam,
876 2265 938 2327 qno
961 2244 1044 2307 vitio
1066 2240 1249 2307 dulcedines
1270 2242 1558 2327 iucunditatesque,
1588 2269 1666 2329 quas
1688 2249 1748 2330 ipsi
1770 2253 1894 2320 sceleri-

229 2349 303 2422 bus,
331 2350 483 2428 peccatis,
513 2350 718 2431 inprudentia
746 2369 952 2429 conrumpere
974 2356 1008 2411 et
1029 2355 1209 2429 pervertere
1232 2348 1381 2423 solemus,
1412 2352 1593 2431 probentur,
1623 2353 1800 2427 laudentur,
1821 2358 1895 2423 etie-

229 2462 350 2528 rantur,
372 2454 455 2516 haud
487 2455 676 2518 inmemores
701 2454 833 2527 erimus,
862 2452 944 2516 hanc
974 2450 1114 2515 fabulam
1141 2452 1181 2515 ab
1205 2451 1356 2532 Euripide
1384 2453 1573 2536 philosopho
1603 2467 1697 2538 poeta
1718 2457 1894 2541 Olyinpiad.

232 2559 432 2631 txxxi'u,
457 2568 475 2624 t
499 2559 567 2640 (cfr.
591 2557 717 2622 tabulae
736 2563 911 2638 argument.
938 2564 971 2618 et
995 2554 1113 2618 Nauck.
1139 2555 1271 2634 praelat.
1296 2576 1366 2639 pag.
1384 2556 1492 2640 XXV)
1512 2562 1543 2623 in
1564 2582 1708 2627 scaenam
1733 2584 1799 2627 esse
1824 2585 1893 2646 pm.

230 2663 373 2738 ductam,
397 2685 468 2726 cuin
492 2662 568 2727 belli
584 2661 841 2742 Peloponnesiaci
862 2660 946 2722 saevi
962 2658 1110 2723 horrores
1124 2665 1317 2724 tiriiecoruin
1340 2663 1497 2736 omnium,
1519 2668 1640 2730 animos
1658 2670 1896 2738 Atheniensium

227 2777 394 2849 praeterea
415 2766 550 2848 proximi
568 2766 644 2829 anni
665 2764 762 2845 pestis
785 2769 920 2828 maestos
939 2759 1145 2825 reddiderunt
1164 2768 1198 2825 et
1219 2783 1239 2825 a
1265 2763 1401 2843 pristina
1423 2765 1506 2829 vitae
1527 2766 1649 2832 laetitia
1671 2773 1747 2835 satis
1769 2774 1896 2840 alienos.

358 2870 527 2952 Postquain
549 2868 700 2944 vidimus,
721 2865 878 2950 quomodo
898 2872 1009 2946 poetae
1026 2866 1141 2947 tragici
1162 2878 1195 2930 et
1209 2888 1262 2929 eos
1279 2866 1457 2942 tinxissout,
1476 2871 1530 2950 qui
1548 2872 1652 2936 subito
1668 2877 1766 2939 animi
1787 2879 1896 2959 inpetu

230 2975 380 3037 commoti
402 2973 553 3039 audacius
575 2994 671 3055 quoin
688 2973 793 3036 verius
814 2971 924 3034 mortis
946 2966 1152 3048 cupiditatem
1174 2967 1407 3049 profiterentur,
1429 2977 1462 3033 et
1483 2991 1536 3033 isos
1558 2973 1612 3054 qui
1635 2976 1780 3057 granora
1799 3000 1894 3061 quam

232 3083 378 3146 homines
394 3083 478 3147 terre
496 3089 626 3163 possent
647 3081 731 3145 mala
751 3081 837 3162 passi
859 3077 1016 3143 constanti
1038 3083 1072 3139 ct
1093 3077 1216 3138 sincero
1238 3071 1393 3136 iuorioudi
1409 3072 1566 3138 desiderio
1582 3085 1774 3156 tenerentur,
1796 3090 1895 3148 restat

228 3192 264 3248 ut
280 3186 410 3249 tertiani
434 3185 525 3249 huius
548 3184 587 3249 de
606 3191 706 3251 morte
729 3183 875 3250 obeunda
897 3182 1090 3265 quaestionis
1111 3187 1235 3260 partein
1253 3178 1486 3262 adgrediamur,
1508 3203 1589 3263 cquae
1612 3182 1650 3248 do
1668 3206 1777 3249 eorum
1799 3209 1890 3271 gene-

225 3310 299 3354 roso
324 3296 357 3353 et
379 3289 543 3371 praeclaro
565 3310 668 3371 neque
691 3310 753 3353 uon
775 3288 934 3353 constanti
957 3286 1054 3351 animi
1078 3283 1205 3348 adfectu
1225 3292 1287 3356 est,
1316 3285 1370 3366 qui
1395 3284 1490 3347 vitain
1517 3298 1669 3366 spernant
1692 3288 1742 3352 vel
1763 3289 1889 3371 proluu-

233 3392 325 3470 dant,
347 3395 437 3458 cuius
458 3394 562 3476 pretio
582 3395 684 3458 maius
705 3393 832 3475 aliquod
854 3393 971 3457 bouum
994 3391 1216 3474 adsequantur,
1234 3391 1320 3473 quod
1344 3392 1483 3455 virentes
1504 3399 1558 3456 aut
1580 3393 1640 3458 sibi
1657 3395 1735 3475 ipsis
1751 3406 1807 3459 aut
1823 3399 1895 3463 aliis

230 3494 361 3577 adsequi
386 3503 552 3579 nequeant.
588 3495 689 3572 Quam
709 3493 837 3578 quidem
858 3495 1087 3576 quaestionem.
1110 3494 1259 3576 quoniam
1281 3515 1321 3558 ea
1340 3495 1498 3576 exempla,
1520 3519 1601 3578 quae
1617 3520 1684 3562 rem
1698 3503 1892 3582 propositam

228 3598 416 3675 inlustrant,
437 3600 515 3663 satis
538 3599 634 3681 plana
656 3607 730 3663 sunt
751 3607 785 3663 et
805 3599 986 3680 perspicua,
1009 3598 1212 3678 paucioribus
1229 3619 1323 3680 quani
1341 3607 1462 3665 ceteras
1481 3601 1583 3666 serbis
1599 3603 1760 3671 absolvere
1776 3608 1894 3683 licebit,

229 3703 415 3782 pracsertim
438 3723 508 3765 eum
534 3700 618 3766 band
641 3723 714 3766 raro
737 3703 805 3776 fiat,
828 3707 922 3766 ntea
943 3701 1101 3782 exempla,
1122 3723 1205 3784 quae
1228 3703 1286 3767 sub
1310 3705 1391 3768 banc
1413 3707 1607 3788 quaestionis
1623 3716 1746 3789 partein
1767 3711 1892 3789 eadunt,

229 3827 292 3869 nou
315 3806 449 3869 multum
471 3804 597 3869 diversa
618 3805 682 3868 siut
703 3804 743 3868 ab
765 3805 817 3878 iis,
844 3823 925 3886 quae
947 3801 1080 3867 alteram
1103 3805 1297 3886 quaestionis
1319 3813 1444 3886 partem
1466 3807 1688 3884 inlustriorem,
1710 3819 1744 3875 et
1764 3816 1891 3878 omniuo

230 3909 310 3973 haec
334 3931 408 3991 pars
430 3911 607 3992 propinqua
630 3910 672 3975 sit
701 3918 733 3974 et
760 3910 898 3973 finitima
919 3909 1121 3989 praecedeuti
1143 3911 1235 3990 parti.
1280 3908 1361 3973 Nam
1384 3910 1410 3973 si
1433 3908 1567 3976 diunim
1588 3912 1726 3995 aliquem
1749 3914 1830 3980 banc
1848 3917 1889 3980 ob

229 4036 370 4080 caussam
387 4017 500 4081 mortis
515 4015 673 4081 desiderio
694 4017 830 4097 conripi,
854 4022 889 4079 ut
911 4015 1074 4081 moriendo
1095 4015 1318 4098 praestabilius
1337 4015 1453 4080 bonurn
1476 4038 1572 4100 quan
1592 4019 1657 4082 vita
1676 4020 1719 4081 sit
1739 4018 1888 4097 obtineat,

226 4114 312 4179 haud
336 4116 504 4180 maledici
528 4116 647 4197 poterit
674 4115 810 4181 osiridem
840 4122 970 4197 propter
998 4116 1057 4180 hoc
1086 4117 1189 4199 ipsum
1221 4119 1300 4181 mori
1331 4117 1425 4192 velle,
1458 4120 1541 4202 quod
1566 4121 1643 4184 illud
1667 4123 1889 4203 praestabilius

223 4218 342 4283 bonum
363 4240 396 4282 se
419 4240 481 4283 non
501 4219 676 4286 obtinuisse
695 4222 743 4284 vel
766 4220 910 4286 obtinere
934 4219 1020 4284 nullo
1043 4218 1134 4282 mode
1159 4239 1265 4300 posse,
1296 4219 1329 4283 id
1352 4220 1436 4304 quod
1459 4221 1560 4286 altera
1581 4224 1774 4304 quaestionis
1796 4236 1887 4307 parte

225 4323 416 4396 continetur,
438 4343 496 4401 pro
517 4325 660 4407 graviore
683 4324 801 4390 habeat
819 4324 903 4389 inalo
924 4345 1019 4408 quain
1042 4322 1118 4388 terri
1143 4324 1251 4404 possit.
1296 4323 1360 4389 Sed
1383 4334 1514 4407 propter
1536 4327 1688 4391 maiorem
1712 4331 1882 4410 perspicui—

226 4429 325 4489 tatem
349 4424 408 4488 has
431 4427 548 4492 viduas
571 4448 634 4501 res,
656 4449 790 4510 quarum
812 4427 913 4493 altera
935 4425 1066 4492 exbibet
1087 4423 1172 4509 quod
1195 4426 1358 4491 moriendo
1380 4425 1548 4511 fugiamus,
1577 4425 1678 4489 altera
1705 4426 1789 4508 quod
1810 4451 1883 4495 oon-

224 4528 313 4610 sequi
334 4526 530 4604 studeamus,
553 4531 718 4613 seiungere
740 4531 898 4595 seiunctas
919 4548 1076 4609 eapiinero
1097 4527 1197 4592 vnum
1220 4539 1275 4594 est

351 4632 456 4714 Atque
477 4632 703 4714 quaerentibus
725 4633 830 4709 nobis,
859 4654 941 4716 quae
968 4635 1032 4698 sint
1054 4633 1111 4698 illa
1138 4638 1221 4714 buria
1251 4638 1411 4720 generosis
1432 4636 1676 4718 liberalibusque
1704 4637 1884 4708 homiuibus

223 4739 345 4803 maiora
370 4762 465 4822 quain
494 4741 559 4805 rita
586 4742 663 4816 visa,
696 4751 808 4824 poetae
839 4744 952 4827 tragici
984 4743 1063 4807 liaec
1090 4741 1157 4806 sere
1187 4742 1371 4807 ostendunt:
1405 4751 1461 4805 aut
1489 4743 1573 4805 euim
1602 4738 1688 4804 lania
1710 4741 1883 4812 bouestatis

222 4843 359 4925 posteris
380 4843 550 4922 tradenda,
571 4851 628 4910 aut
645 4865 765 4928 poenae
787 4846 829 4912 ab
849 4845 957 4929 aliquo
976 4846 1111 4927 petitae,
1131 4857 1187 4912 aut
1208 4845 1345 4929 denique
1366 4845 1450 4910 sidua
1467 4842 1680 4919 dominorum,
1702 4849 1882 4927 amicorum,

218 4947 408 5025 liberorum,
429 4956 611 5032 parentum,
639 4952 768 5016 omnino
790 4958 1009 5036 cognatorum,
1039 4951 1087 5016 vel
1110 4948 1267 5032 coniugis,
1297 4947 1421 5029 patriae
1442 4944 1583 5011 omniurn
1603 4948 1784 5015 cariaeimao
1806 4952 1880 5018 telis

219 5061 254 5118 ot
274 5072 427 5135 prosperii
449 5053 593 5122 oeudicio
622 5073 682 5136 pro
710 5054 810 5119 taub's
842 5052 1001 5120 habantm
1029 5055 1135 5130 bouis,
1167 5059 1204 5119 iit
1231 5073 1307 5118 suae
1330 5052 1471 5132 ipsorum
1493 5052 1578 5118 vitae
1599 5053 1647 5120 iel
1674 5054 1768 5120 saluti
1789 5056 1882 5124 Maia
