4236 5624
1809 699 1844 762 ll

188 861 315 926 abierat
332 861 398 939 (cfr.
417 860 526 924 Athen.
549 867 571 934 t,
590 861 658 934 itt,
680 880 758 943 quaa
776 855 941 943 Sybaritae
965 859 1018 922 alii
1042 859 1203 940 petebant,
1225 859 1278 941 qui
1302 859 1334 922 in
1351 858 1489 922 molliter
1510 866 1542 923 et
1562 857 1696 924 delicata
1714 859 1846 926 virendo

189 984 343 1028 summum
375 964 491 1027 bonum
522 963 658 1044 positum
679 984 746 1028 esse
767 963 937 1032 ducebant.
967 964 1021 1028 sed
1042 964 1145 1046 potius
1166 984 1233 1037 eas,
1264 984 1345 1046 quae
1369 984 1424 1026 nos
1445 985 1484 1027 ex
1506 963 1583 1044 ipsis
1606 963 1688 1027 sitae
1710 964 1846 1029 miseriis

188 1067 409 1149 aerumnisque
432 1067 570 1150 erigant,
600 1065 792 1130 voluntatem
820 1074 960 1130 nostram
983 1072 1016 1129 et
1044 1065 1183 1129 studium
1206 1072 1291 1129 recte
1313 1066 1427 1148 agendi
1451 1067 1691 1150 hominibusque
1713 1067 1846 1134 salutem

190 1170 286 1236 dandi
309 1170 507 1244 confirment,
532 1189 587 1233 nos
609 1168 819 1233 conroboreut
839 1178 871 1234 et
893 1179 983 1251 aptos
1005 1169 1140 1237 reddant
1161 1172 1215 1254 qui
1238 1171 1270 1234 id
1293 1173 1479 1245 efficiamus,
1501 1173 1584 1257 qued
1609 1175 1699 1239 nobis
1721 1182 1756 1237 ut
1777 1170 1844 1240 effi-

190 1276 293 1339 ciatur
314 1276 509 1357 propositum
531 1280 587 1341 est.
630 1274 731 1351 Quam
751 1274 877 1357 quidem
902 1277 1090 1340 sententiam
1107 1275 1341 1358 antiquioribus
1354 1277 1495 1350 Graecis,
1515 1276 1624 1358 quales
1639 1284 1712 1341 aaa
1729 1275 1846 1341 bellum

191 1379 487 1460 Peloponnesiacum
510 1379 649 1454 fuerunt,
677 1379 768 1462 quasi
791 1380 932 1445 innatam
956 1382 1049 1447 fuisse
1072 1381 1216 1463 plurimis
1240 1388 1406 1462 poetarum
1429 1381 1505 1445 locis
1527 1380 1685 1462 probatur.
1729 1380 1849 1446 tlmitto

191 1482 283 1557 alios,
310 1481 364 1547 sed
393 1504 455 1546 non
486 1503 610 1564 possum
642 1503 704 1546 ιιοιι
729 1503 973 1548 commemorare
1005 1484 1064 1548 hoc
1093 1484 1160 1547 loco
1190 1483 1395 1565 Sophocleum
1427 1485 1625 1568 Antigonam.
1679 1483 1739 1547 l'ix
1762 1484 1848 1549 enim

192 1595 385 1650 emerserant
403 1585 543 1650 Thebani
566 1609 604 1651 ex
625 1586 747 1669 magnis
767 1586 1001 1656 calamitatibus
1024 1590 1207 1675 ingentique
1232 1590 1385 1671 pericu10‚
1407 1590 1492 1673 quod
1513 1590 1676 1672 Polynices
1697 1600 1730 1652 et
1749 1588 1846 1654 ceteri

194 1685 300 1752 duces.
322 1685 354 1747 in
379 1685 489 1766 primis
512 1684 598 1748 [crox
622 1684 784 1765 Capaneus
807 1693 839 1749 et
861 1697 1009 1754 cruentus
1030 1689 1153 1773 Tydeus
1180 1692 1296 1757 infelici
1324 1693 1394 1757 urbi
1418 1694 1637 1766 intendebant,
1666 1715 1737 1757 cum
1757 1714 1849 1759 senes

191 1789 333 1854 Thebani
348 1812 373 1852 ιι.
389 1795 447 1854 100
460 1810 527 1871 sqq.
544 1788 636 1852 iubar
651 1788 738 1862 solis,
761 1790 899 1853 onriiium
922 1813 1003 1873 quae
1019 1793 1134 1858 Thebis
1156 1796 1243 1876 prius
1257 1795 1453 1860 adfulserunt
1475 1797 1718 1879 pulcherrimam
1739 1797 1850 1871 lucem,

192 1895 280 1958 aurei
299 1892 362 1957 diei
385 1892 507 1957 oculunr
531 1892 621 1957 laetis
642 1892 827 1974 praedicant
849 1896 953 1959 verbis
974 1903 1006 1960 et
1026 1919 1098 1960 suos
1120 1899 1229 1964 iubent
1252 1900 1464 1965 confectorum
1486 1901 1578 1965 rurale
1596 1901 1748 1965 bellorum
1762 1901 1843 1966 obli·

195 1999 267 2061 visci
290 2008 321 2062 et
344 1998 422 2062 duce
445 1997 567 2061 Baccho
589 1997 707 2077 templa
727 1997 856 2062 deorum
879 1998 966 2063 adire
988 1996 1191 2079 pervigilibus
1212 1998 1362 2082 clroris*).
1404 2000 1444 2062 m.
1465 2001 1533 2081 ipsa
1548 2002 1716 2084 Antigona
1736 2023 1846 2084 quarn·

195 2123 289 2185 quain
309 2104 389 2167 mori
412 2103 523 2167 maluit
544 2123 637 2186 qnam
663 2103 809 2167 virtutem
831 2111 1036 2184 aeternasque
1057 2100 1185 2164 deorum
1208 2099 1292 2183 leges
1314 2102 1492 2186 neglegere,
1514 2125 1703 2187 ‹quaniquam
1726 2113 1850 2172 inerma

194 2208 329 2291 qumlam
353 2207 447 2274 modo
469 2210 529 2273 iarn
550 2218 632 2285 erat,
656 2218 691 2273 ut
712 2209 820 2273 inieris
842 2217 964 2273 tantum
988 2210 1103 2273 servire
1124 2215 1228 2288 posset
1245 2213 1431 2290 (v.559sq.),
1453 2216 1573 2290 quantu
1595 2208 1681 2273 luctu
1702 2210 1847 2293 deplorat

195 2320 310 2375 sortem
327 2334 428 2383 snam,
450 2312 565 2394 qnippe
584 2333 664 2394 «luae
680 2312 819 2376 oninium
837 2312 1002 2376 nmlierum
1018 2311 1253 2374 imperitissima
1268 2318 1300 2375 et
1319 2319 1448 2392 propter
1465 2313 1614 2393 pietatem
1634 2333 1728 2394 ιμιιιιιι
1747 2314 1850 2378 occiso

197 2416 285 2479 fratri
309 2416 509 2497 praestiterat
531 2414 790 2496 splendidissimis
812 2415 907 2498 digna
929 2415 1099 2479 honoribus
1122 2416 1260 2499 (χρυσῆς
1284 2408 1362 2491 rigia
1385 2419 1481 2499 τιμῆς
1504 2417 1621 2495 λαχεῖν,
1647 2439 1670 2482 r.
1683 2424 1758 2488 699)
1775 2417 1847 2483 ulti·

197 2541 280 2582 inam
301 2518 495 2603 ingrediatur
518 2520 598 2582 viam
621 2518 826 2600 ultimumque
852 2520 1010 2582 intueatur
1033 2518 1124 2584 iubar
1146 2519 1218 2584 solis
1247 2542 1415 2603 numquam
1437 2519 1496 2585 sibi
1521 2518 1650 2600 posthac
1672 2519 1852 2588 ridendum.

197 2619 374 2684 Miseranda
402 2627 486 2684 certe
508 2628 556 2684 est
585 2620 702 2701 puella.
733 2643 826 2703 quani
849 2629 921 2686 aute
947 2621 1030 2685 diem
1057 2621 1185 2687 letalem
1213 2625 1273 2687 tori
1304 2623 1417 2707 iugalis
1446 2630 1478 2687 ct
1507 2623 1671 2704 hyrneimei
1700 2624 1850 2687 testarum

196 2722 369 2784 cmininum
392 2730 564 2803 expertem,
596 2721 682 2787 nulla
708 2724 843 2806 coniugii
868 2723 1012 2788 sortitam
1039 2727 1180 2804 praemia
1209 2749 1266 2791 nec
1295 2726 1378 2790 dulci
1409 2727 1545 2809 gavisam
1570 2726 1656 2806 prole
1677 2729 1717 2789 ab
1740 2728 1851 2791 amicis

194 2825 351 2889 desertam
379 2826 513 2889 crudelis
539 2827 623 2908 regis
644 2825 807 2889 consilium
828 2849 845 2890 e
869 2826 951 2890 laeta
973 2827 1037 2890 vita
1057 2829 1157 2892 rivam
1185 2827 1312 2893 deducit
1334 2829 1373 2892 ad
1399 2828 1585 2891 alclicreutis
1605 2849 1692 2891 oram
1715 2839 1745 2891 et
1768 2828 1853 2912 cogit

197 2933 269 2996 huie
290 2934 347 3014 ipsi
375 2933 543 2997 Acheronti
565 2934 681 2998 numere
704 2935 743 3009 (ιι.
769 2936 830 2999 806
852 2955 919 3016 sqq.
945 2936 1002 2997 891
1029 2943 1118 3016 sqq).
1163 2932 1241 2996 Nemi
1265 2932 1441 2996 I'lioebcam
1465 2930 1565 2994 lucem
1588 2931 1701 2994 intueri
1725 2932 1851 3013 vitaque

197 3040 257 3102 frui
279 3038 491 3101 dulcissimum
515 3059 581 3099 esse
605 3036 789 3100 mortalibus
811 3060 830 3100 a
852 3037 913 3100 diis
936 3038 1156 3101 inmortalibus
1178 3038 1286 3102 (latum
1316 3037 1431 3101 donum
1460 3035 1675 3100 infelicissima
1698 3036 1848 3100 labdaci-

196 3143 306 3207 (larum
324 3150 455 3205 testatur·
472 3163 541 3204 cum
555 3140 634 3204 dicit
651 3163 675 3202 v.
689 3144 765 3205 aaa:
788 3136 894 3203 riiixe‘u
913 3165 969 3218 μιιι
990 3141 1063 3204 rode
1080 3142 1258 3221 λαμῑιιὲὁιις
1276 3142 1365 3227 ἱερὸν
1380 3137 1471 3222 ὄμμα
1491 3144 1589 3220 θέμις
1605 3141 1686 3226 ὁρᾶν
1701 3141 1850 3229 ταλαίνᾳ.
1933 3188 1941 3204 .

197 3249 254 3311 elsi
276 3248 358 3310 enini
381 3245 433 3308 lux
456 3246 529 3308 solis
550 3244 639 3328 quasi
660 3242 822 3307 oculus-
845 3234 935 3323 ι’ἱμμα
1010 3244 1074 3316 dei,
1096 3247 1148 3328 qui
1172 3271 1210 3311 ex
1233 3247 1403 3331 longinqua
1426 3246 1562 3309 numinis
1582 3245 1680 3308 divini
1702 3245 1854 3312 inlicitate

199 3353 390 3428 benignitate
413 3348 548 3431 quadam
570 3348 789 3420 austeritate,
821 3367 914 3428 quani
938 3350 1026 3412 ellari
1052 3372 1142 3413 neruo
1165 3350 1318 3414 humanus
1341 3356 1455 3430 protest.
1485 3349 1576 3411 uobis
1597 3349 1737 3431 arlsulget
1767 3358 1800 3413 et
1820 3351 1853 3413 in

198 3467 322 3540 pectore
344 3464 449 3519 nostro
471 3456 604 3535 speciem
624 3452 762 3516 divinam
783 3460 927 3532 procreat
950 3475 1065 3535 nosque
1085 3456 1257 3534 permulcet
1274 3463 1304 3517 et
1322 3454 1431 3517 adlicit
1445 3454 1484 3516 ad
1506 3455 1585 3518 lianc
1605 3456 1754 3535 speciem.
1777 3455 1851 3520 dum

199 3562 343 3625 risimus,
366 3557 528 3620 colendam
552 3563 583 3619 et
604 3554 794 3636 aagendam,
817 3561 849 3617 ut
874 3562 1096 3636 postmortem
1120 3568 1151 3620 et
1175 3559 1248 3638 ipsi,
1272 3566 1304 3620 ut
1328 3559 1372 3622 ita
1394 3559 1509 3625 dicanti.
1531 3557 1728 3622 diuinitatem
1751 3560 1851 3643 :alipi-

198 3686 327 3731 scamur.
372 3662 431 3738 Qui
456 3661 536 3724 ritae
559 3680 670 3740 expers
692 3658 784 3722 luerit
808 3658 852 3722 rel
876 3656 1054 3721 antediem
1079 3658 1142 3722 rita
1164 3661 1318 3740 privatus.
1352 3661 1378 3721 is
1398 3658 1563 3723 divinitate
1586 3661 1633 3723 rel
1657 3682 1784 3741 prtinus
1806 3663 1854 3728 vel

199 3797 345 3857 magnam
367 3780 485 3852 partem
509 3768 637 3834 carebit.
683 3766 772 3832 Unde
798 3765 930 3847 adparet
954 3776 1038 3827 recte
1063 3767 1157 3828 titani
1180 3789 1198 3827 a
1221 3764 1377 3829 veteribus
1399 3765 1526 3828 Graecis
1549 3765 1628 3827 tanti
1656 3768 1853 3831 :aestimatam

198 3888 227 3944 ct
251 3881 283 3941 in
304 3896 495 3939 summorum
518 3873 670 3936 botrorum
693 3893 823 3936 numero
847 3870 987 3935 habitam
1010 3892 1086 3930 csse.

327 3982 386 4046 Sed
411 3980 482 4043 nole
504 3980 561 4042 lias
580 3979 709 4043 subtiles
723 3979 933 4060 quaestiones.
956 3996 1037 4056 «quae
1061 3976 1091 4037 in
1116 3972 1217 4036 rerliis
1235 3973 1411 4053 danigenae
1433 3971 1609 4033 voluntario
1625 3971 1750 4052 quidem
1767 3972 1853 4034 exitu

200 4108 299 4168 neque
322 4096 426 4148 tamen
450 4106 512 4146 ιιιιιι
534 4083 650 4146 invitae
672 4082 834 4145 morientis
856 4081 985 4145 alalitac
1006 4080 1104 4143 latere
1122 4077 1267 4141 ridentur
1287 4077 1411 4160 longiis
1431 4077 1590 4158 persequi:
1616 4075 1707 4137 reden
1731 4072 1768 4134 :nl
1786 4095 1852 4138 rem

198 4190 397 4271 propmzitam.
441 4183 530 4262 Quod
554 4186 614 4249 iam
631 4184 696 4247 «lixi
714 4194 745 4249 et
759 4184 901 4266 exemplo
918 4184 1094 4267 :lntigonae
1110 4181 1346 4262 corripielnitum
1364 4181 1459 4248 saliri.
1482 4178 1855 4261 :nitiqniaribustiraecis

201 4293 325 4357 llomeri
349 4292 387 4352 de
412 4299 511 4354 inerte
534 4289 721 4354 senteutiam
750 4291 838 4371 qumi
869 4290 1010 4353 inmitem
1042 4292 1135 4353 sitisse
1159 4290 1302 4370 plurimi<
1335 4299 1496 4369 pmtarum
1529 4288 1604 4351 lacis
1633 4286 1771 4365 prolmri.
1804 4274 1861 4352 vix'

197 4400 257 4461 erit
278 4397 330 4477 qui
358 4395 494 4475 angulos
514 4394 648 4458 irinuime.
671 4393 837 4474 lyricorum
861 4403 1024 4473 lanistarum
1048 4396 1130 4459 locos
1152 4397 1204 4477 qui
1230 4418 1405 4477 repugnare
1428 4395 1573 4457 rili-ntur
1594 4393 1740 4471 preti-rat.
1775 4392 1854 4458 Nam

197 4525 250 4586 qni
275 4501 339 4564 acri
362 4501 459 4563 ultltul
481 4499 606 4564 adfectu
635 4497 682 4561 rel
714 4500 950 4579 perturlmtiene
975 4502 1157 4581 conripitun
1186 4502 1239 4582 qai
1274 4521 1366 4562 caret-o
1396 4499 1512 4561 annua¹
1543 4498 1645 4557 taam·
1675 4496 1778 4558 uritur
1805 4495 1854 4560 vel

321 4748 342 4803 ἰ
364 4740 465 4793 Nemini
489 4760 537 4794 ιιιιιι
564 4743 588 4794 iu
613 4752 723 4795 meatem
749 4743 831 4793 rcrriet
858 4742 964 4793 militum
992 4738 1203 4790 Ικἰιὲιιειιιιιίιιιιιιιι.
1234 4739 1276 4802 qni
1302 4756 1326 4789 ιιι
1352 4736 1460 4802 >apiani
1494 4739 1562 4785 tan:
1586 4750 1607 4783 ι.
1626 4737 1676 4783 mm
1696 4756 1740 4801 sqq
1759 4779 1764 4787 .
1786 4733 1855 4801 quint

199 4832 357 4883 rarissimum
377 4829 508 4880 ‹leniinam
528 4830 628 4881 insania
647 4829 783 4880 liberatum
803 4839 826 4877 et
846 4829 954 4894 prioratis
973 4829 1020 4881 dna
1041 4831 1133 4881 trientis
1152 4830 1232 4896 qnnui
1253 4827 1380 4879 rellania
1400 4838 1507 4892 putarit.
1532 4824 1628 4878 eante·
1648 4827 1810 4876 rutilianus
1828 4831 1856 4874 et

200 4924 247 4988 ipsi
266 4922 352 4972 album
372 4919 476 4971 imundi
495 4919 545 4970 diei
565 4917 639 4970 iubar
656 4919 797 4971 releluant.
827 4919 1004 4971 statilianam
1025 4916 1129 4968 adiectu
1146 4915 1301 4979 teselniam
1321 4930 1394 4965 asam
1413 4928 1470 4963 esse
1489 4911 1594 4977 l'ragni.
1607 4910 1657 4961 :tta
1671 4910 1701 4960 N.
1716 4928 1761 4961 aee
1779 4907 1856 4961 docet

202 5008 305 5060 lailasli
326 5007 358 5058 ml
379 5008 465 5061 Aiacis
486 5022 587 5058 rcrstim
605 5006 680 5060 inodo
698 5008 813 5058 citatum.

1667 5115 1703 5147 ,μ

1667 5152 1683 5167 0
