4236 5624
1799 732 1840 796 3¹!

172 906 370 973 desiderium
388 900 591 988 dirigendum
610 901 667 978 sit,
695 899 772 985 quid
794 904 977 984 quantaque
996 896 1081 964 mala
1101 898 1188 980 passi
1212 896 1356 964 homines
1378 904 1412 963 et
1431 896 1539 962 dimne
1560 904 1593 963 et
1613 896 1753 964 humano
1772 898 1844 965 iure

178 1015 314 1076 mortem
342 1005 404 1072 sibi
433 1010 599 1088 exoptent,
628 1025 669 1071 ne
697 1004 803 1071 dicam
831 1002 895 1087 ipsi
920 1003 1126 1079 consciscant,
1156 1003 1227 1087 quis
1252 1003 1295 1068 sit
1322 1002 1434 1070 modus
1458 1002 1656 1079 statuendus,
1684 1002 1739 1088 qui
1762 1002 1843 1072 flues

175 1110 439 1196 perferendorum
458 1109 627 1187 meorum,
653 1109 733 1175 haec
754 1109 882 1175 subtilis
901 1109 1045 1193 quaestio
1066 1107 1153 1174 haud
1175 1107 1268 1174 facile
1291 1107 1420 1192 quidem
1441 1115 1507 1174 tam
1528 1107 1678 1173 adcurate
1697 1107 1840 1176 abunde·

176 1238 239 1303 qne
259 1217 453 1300 pertractari
478 1233 570 1297 posse
590 1212 724 1290 ridetur,
753 1217 790 1279 ut
818 1216 887 1278 tota
914 1210 1105 1277 absolvatur.
1158 1209 1243 1276 Satis
1265 1211 1327 1276 erit
1355 1211 1382 1276 si
1404 1211 1487 1277 hanc
1507 1211 1609 1296 legem
1631 1211 1843 1278 summme

175 1320 338 1388 veteribus
357 1317 555 1383 obser-eatam
574 1335 656 1394 esse,
678 1335 782 1400 aequa
802 1319 904 1380 morte
925 1313 1057 1379 interire
1078 1336 1168 1391 eum,
1190 1314 1245 1398 qui
1267 1321 1324 1379 aut
1345 1314 1530 1392 sceleribus,
1552 1315 1618 1381 sive
1640 1316 1757 1382 inscius
1773 1316 1842 1384 sive

174 1423 321 1490 conscius
342 1441 381 1489 ea
401 1418 621 1496 commisisset,
650 1419 685 1483 in
712 1423 836 1484 tantam
856 1417 1180 1503 incidissetculpam,
1208 1428 1360 1504 quantam
1388 1419 1452 1487 nisi
1474 1422 1538 1486 vita
1559 1421 1688 1503 profusa
1709 1421 1841 1505 expiare

174 1529 335 1612 nequiret,
355 1530 412 1591 aut
430 1524 487 1609 qui
511 1543 641 1606 prorsus
659 1543 771 1605 exspes
791 1521 948 1589 malorum
969 1524 1034 1590 sive
1056 1545 1077 1590 a
1098 1522 1161 1590 diis
1179 1525 1270 1590 iratis
1291 1525 1357 1591 sive
1372 1526 1413 1591 ab
1435 1526 1616 1592 hominibus
1636 1527 1837 1592 immissorum

174 1629 295 1694 nullam
316 1627 414 1694 sciret
428 1625 491 1692 sibi
509 1646 578 1693 esse
593 1625 799 1705 medicinam,
821 1632 878 1692 eut
898 1627 1034 1712 denique
1055 1628 1111 1711 qui
1130 1628 1215 1693 hauc
1235 1627 1426 1694 medicinam
1448 1627 1497 1693 vel
1518 1628 1652 1695 salutem
1668 1649 1757 1695 suam
1773 1648 1838 1696 uon

170 1741 279 1818 posset
299 1732 361 1799 nisi
381 1731 465 1799 tanti
487 1752 607 1810 emere,
636 1733 748 1815 quanti
778 1731 862 1797 vitae
883 1732 1033 1797 honestas
1053 1751 1239 1815 morumque
1269 1729 1437 1813 integritas
1459 1750 1531 1794 eum
1560 1750 1665 1797 emere
1685 1735 1839 1812 vetarent,

168 1861 267 1924 quam
287 1843 481 1922 postremam
501 1837 596 1902 huius
617 1835 699 1920 legis
720 1840 845 1917 partem
867 1834 1041 1902 cavendum
1062 1841 1112 1903 est
1131 1859 1171 1904 ne
1194 1857 1265 1902 cum
1286 1837 1383 1902 totius
1404 1837 1598 1919 quaestionis
1620 1843 1712 1919 parte
1734 1838 1841 1918 tertia,

171 1944 213 2010 de
232 1963 296 2028 qua
317 1941 451 2026 posthac
471 1939 564 2006 nobis
584 1939 647 2004 erit
666 1937 850 2013 dicendum,
879 1938 1116 2004 coniimdamua
1163 1939 1265 2017 Quam
1291 1939 1420 2023 quidem
1447 1939 1589 2026 regulam
1610 1941 1652 2006 ab
1682 1941 1839 2028 Aeschylo

175 2053 210 2114 et
230 2045 386 2129 Sophocle
408 2042 593 2129 diligentius
619 2042 818 2108 observatam
840 2040 1016 2107 ridebimus
1037 2062 1133 2125 quam
1156 2041 1196 2108 ab
1218 2041 1385 2124 Euripide,
1415 2042 1471 2126 qui
1498 2042 1660 2108 interdum
1688 2063 1840 2126 miscuas

170 2150 260 2218 noris
281 2157 327 2228 et,
346 2153 384 2213 ut
403 2146 538 2225 videtur,
560 2145 648 2213 haud
671 2147 749 2212 satis
771 2146 880 2229 aequis
900 2152 997 2231 atque
1019 2168 1040 2213 a
1060 2147 1255 2213 Graecorum
1272 2146 1403 2229 antiquo
1423 2146 1552 2231 ingenio
1569 2146 1684 2213 alienis
1699 2149 1842 2216 consuis

172 2253 215 2321 ad
234 2259 372 2320 mortem
393 2250 572 2318 obeundam
593 2255 765 2315 commotas
786 2248 887 2316 finxit.

307 2358 413 2440 Atque
434 2357 571 2439 primum
594 2355 722 2440 quidem
742 2353 889 2439 Aeschyli
902 2353 1107 2419 Prometheus
1127 2351 1161 2415 in
1175 2370 1284 2417 eorum
1298 2371 1430 2417 numero
1443 2349 1608 2417 habendus
1623 2371 1690 2417 esse
1705 2351 1839 2432 videtm,

177 2465 235 2550 qui
255 2462 411 2529 malorum
433 2461 555 2543 ingenti
577 2459 659 2526 mole
674 2459 780 2525 obruti
802 2465 835 2524 et
854 2459 941 2524 omni
963 2478 1019 2540 spe
1037 2455 1147 2523 salutis
1169 2460 1313 2520 carentes
1331 2454 1400 2520 iure
1423 2453 1542 2521 inferos
1563 2455 1651 2522 adire
1669 2477 1760 2539 posse
1776 2458 1837 2525 sibi

175 2572 340 2650 exoptent.
383 2566 497 2632 Dirum
519 2570 569 2631 est
590 2566 675 2631 enim
697 2563 826 2630 omnino
852 2561 937 2628 mala
964 2563 1047 2646 pati,
1075 2559 1131 2627 sed
1160 2560 1259 2625 multo
1280 2561 1382 2646 magis
1410 2560 1530 2637 dinam,
1560 2562 1587 2626 si
1616 2563 1687 2646 quis
1707 2570 1843 2646 propter

175 2668 333 2737 beneficia
361 2665 433 2732 aliis
462 2663 570 2729 adlata
600 2685 621 2729 a
649 2662 769 2728 crudeli
796 2660 978 2726 adversario
1005 2663 1103 2728 tantis
1133 2663 1281 2728 adficitur
1311 2670 1440 2748 tamque
1472 2664 1573 2730 foedis
1602 2667 1727 2747 poenis,
1757 2687 1840 2751 quae

174 2794 302 2838 omnem
323 2769 498 2855 patientiae
519 2767 647 2834 modum
669 2765 824 2832 excedent
852 2771 886 2831 et
906 2786 1040 2849 quarum
1066 2767 1161 2831 finem
1190 2785 1317 2848 sperare
1340 2787 1403 2831 non
1431 2767 1534 2831 liceat
1587 2765 1621 2831 Si
1644 2768 1743 2852 igitur
1764 2769 1837 2838 Pro

174 2877 333 2952 matheus,
354 2875 410 2959 qui
431 2872 508 2938 olim
522 2871 654 2937 deorum
674 2869 899 2936 consuetudine
919 2869 1091 2946 fruebatur,
1111 2874 1186 2933 tunc
1205 2875 1312 2933 autem
1333 2864 1488 2953 αἰθέριον
1505 2868 1644 2952 κίνυγμα
1656 2874 1690 2955 (i.
1702 2895 1729 2940 e.
1741 2870 1838 2938 εἴδω-

174 2983 234 3044 λον
257 2974 392 3064 ἀέριον)
415 2979 518 3042 factus
540 2971 676 3058 ἐχθροῖς
697 2971 861 3057 ἐπίχαρτα
881 2973 1010 3056 patitur,
1043 2992 1061 3036 a
1088 2970 1160 3034 Iove
1183 2970 1223 3035 ob
1246 2969 1364 3035 lurtum
1388 2970 1553 3038 Lemnium
1573 2972 1641 3057 (cir.
1665 2975 1728 3042 Cic.
1750 2976 1839 3047 Tuae,

172 3081 220 3158 ll,
244 3087 297 3155 10,
318 3078 375 3164 23)
397 3074 578 3142 adflictatus
605 3096 634 3141 s.
659 3078 718 3140 152
740 3094 808 3158 sqq.
832 3072 912 3138 baec
933 3072 1102 3138 exclamet:
1135 3069 1165 3137 ei
1194 3069 1256 3156 γάρ
1280 3068 1314 3153 μ’
1339 3069 1404 3139 ὑπὸ
1434 3079 1491 3159 γῆν
1514 3077 1635 3162 νέρθεν
1661 3073 1697 3141 e’
1721 3077 1840 3145 ’Ἅιδου

169 3186 233 3247 τοῦ
247 3182 505 3262 νεκροδέγμονος
519 3175 567 3254 οἷς
584 3171 773 3260 ossismos
784 3171 960 3260 Τάρταρον
976 3161 1051 3260 ἧκεν
1060 3173 1294 3259 (scibluppiter
1309 3176 1397 3240 novis
1412 3175 1534 3260 legibus
1548 3178 1664 3244 iniuste
1681 3183 1840 3268 regnans),

178 3287 247 3350 iure
271 3281 362 3348 nobis
375 3280 472 3345 miser
487 3278 590 3360 Iapeti
613 3276 697 3341 filius
711 3282 821 3359 optare
838 3273 964 3339 videtur
976 3283 1011 3341 ut
1030 3284 1131 3343 morte
1148 3289 1359 3356 consumatur,
1381 3283 1530 3365 quoniam
1547 3285 1702 3351 malorum
1717 3287 1839 3355 nullum

176 3389 238 3453 scit
259 3385 321 3451 sibi
348 3383 416 3449 iore
444 3381 616 3447 terminum
640 3379 729 3460 (ibid.
750 3402 778 3446 v.
802 3386 864 3446 754
886 3383 981 3462 sqq),
1009 3379 1195 3464 priusquam
1218 3380 1362 3466 luppiter
1383 3406 1482 3470 reguo
1503 3386 1612 3468 pulsus
1634 3390 1688 3464 sit,
1720 3392 1839 3461 nullam

180 3491 385 3566 medicinam,
406 3488 468 3552 nisi
489 3486 586 3552 iaciat
606 3486 741 3571 aliquid,
767 3485 865 3569 quod,
895 3507 935 3551 ne
958 3486 1030 3569 quis
1051 3484 1100 3552 vel
1123 3489 1353 3577 tanta-iniuria
1375 3490 1479 3556 laesis
1501 3491 1610 3567 saciat,
1632 3494 1734 3561 libera
1756 3503 1841 3564 vetet

176 3594 376 3664 contumacia
402 3597 436 3658 et
463 3611 573 3656 sensus
600 3591 752 3656 honestus
774 3587 861 3669 (ibid
886 3610 912 3654 r.
935 3593 997 3656 947
1019 3589 1110 3674 sqq.)
1167 3590 1257 3668 Quod
1284 3593 1396 3658 mortis
1423 3593 1538 3660 ardens
1567 3605 1663 3681 atquc
1692 3609 1841 3669 constans

175 3697 371 3767 desiderium
389 3713 428 3759 eo
450 3696 591 3774 augetur,
614 3690 699 3773 quod
721 3686 927 3755 Prometheus
947 3691 1068 3772 asperis
1091 3691 1222 3759 Caucasi
1245 3698 1330 3762 saxis
1348 3697 1512 3783 religatus,
1533 3722 1627 3783 quem
1647 3704 1838 3789 tertioque

173 3824 235 3888 que
251 3801 305 3865 die
320 3800 446 3862 lunesto
462 3794 545 3860 lovis
566 3794 694 3860 satelles
714 3793 783 3859 iero
801 3792 937 3859 dilaniat
957 3797 1064 3873 pastu,
1086 3795 1229 3876 quamvis
1250 3798 1361 3861 mortis
1383 3820 1489 3865 amore
1512 3802 1711 3868 miseriarum
1732 3807 1839 3872 termi-

174 3927 249 3971 num
270 3901 435 3987 anquirat,
455 3896 540 3962 loris
562 3901 670 3962 tamen
693 3897 822 3961 numine
844 3894 943 3960 aleto
960 3893 1125 3975 aspellitur
1144 3917 1245 3981 neque
1267 3899 1364 3964 ullam
1380 3902 1476 3968 babet
1494 3925 1583 3986 spem
1605 3906 1685 3985 lore,
1708 3907 1839 3976 utillud

172 4010 329 4091 μέγιστον
349 3997 529 4092 φάρμακον
550 4003 670 4077 κακῶν,
694 4000 779 4084 quod
801 4001 835 4064 in
856 4003 958 4063 morte
980 3995 1022 4060 sii
1044 3997 1195 4077 possum,
1218 4002 1388 4087 continget
1424 4004 1486 4072 Sed
1506 4010 1656 4092 quoniam
1678 4011 1839 4079 difficilius

179 4109 304 4175 videtur
318 4105 510 4191 perspicere,
534 4102 612 4186 quid
632 4103 665 4167 in
689 4103 750 4169 bac
769 4104 903 4170 obscura
922 4097 1045 4174 sabula,
1067 4120 1149 4182 quac
1172 4101 1211 4168 de
1234 4104 1361 4172 'litania
1382 4109 1488 4176 sobole
1512 4112 1641 4195 eiusque
1661 4115 1788 4180 miseria
1805 4121 1840 4182 et

172 4215 271 4282 feroci
293 4210 450 4295 patientia
470 4207 552 4292 agit,
576 4206 638 4271 sibi
660 4206 796 4272 voluerit
812 4204 998 4289 Aeschylus,
1020 4209 1053 4269 et
1073 4204 1114 4270 ad
1140 4205 1319 4277 Promethei
1343 4220 1488 4280 naturam
1510 4218 1636 4297 penitus
1651 4217 1838 4301 exigendam

171 4316 300 4398 oportet
320 4308 361 4374 ud
383 4307 517 4374 alteram
540 4304 681 4370 subulam
706 4307 798 4371 nobis
826 4303 1037 4388 depsnliiam,
1067 4307 1118 4370 cui
1150 4312 1354 4397 Προμηθεὺς
1376 4315 1538 4396 iudicares*
1565 4339 1677 4384 nomon
1701 4329 1771 4387 erat
1789 4322 1838 4389 in·

173 4418 292 4488 ditum,
314 4410 448 4487 recurri,
469 4407 755 4494 id(11¹0dl⁰1lgum
777 4416 825 4475 est
846 4415 879 4475 et
900 4411 1098 4492 aproposito
1114 4414 1258 4495 abducit,
1280 4419 1320 4486 de
1341 4421 1409 4503 ipso
1425 4422 1611 4489 Prometheo
1625 4425 1702 4489 satis
1719 4424 1839 4497 dictum

173 4526 224 4593 sit
261 4521 300 4586 In
322 4515 432 4584 eadem
452 4521 560 4581 autem
583 4514 693 4582 sabula
715 4517 825 4583 infelix
847 4517 896 4594 lo,
916 4538 937 4583 a
960 4518 1032 4586 lore
1054 4520 1175 4586 crudeli
1196 4530 1337 4590 amatore
1356 4524 1495 4602 deserta,
1517 4528 1585 4593 iure
1608 4528 1668 4594 sibi
1688 4540 1841 4616 exoptare

177 4627 312 4700 ridetur,
335 4627 373 4686 ut
394 4618 444 4685 rel
465 4618 531 4703 igni
552 4618 759 4684 comburatur
783 4619 832 4684 vel
860 4618 1072 4690 abscondatur
1093 4633 1179 4692 terra
1201 4627 1249 4693 rel
1273 4630 1434 4695 voracibus
1454 4632 1549 4695 maris
1578 4631 1724 4699 fluctibus
1746 4635 1837 4705 dero

173 4739 270 4808 retur,
290 4728 385 4796 modo
408 4723 563 4790 malorum
583 4731 795 4808 consequatur
816 4726 987 4795 terminum
1008 4730 1077 4814 (cir.
1100 4753 1127 4798 v.
1151 4733 1212 4795 582
1235 4733 1324 4814 sqq).
1374 4732 1456 4810 Quid
1478 4733 1562 4797 enirn
1586 4735 1672 4801 iurat
1694 4739 1841 4804 miseram

176 4837 288 4902 inachi
308 4832 407 4898 liliam
429 4828 496 4895 viu
517 4829 578 4909 uti,
609 4851 693 4914 quae
715 4849 844 4911 sperare
865 4851 928 4895 non
957 4832 1057 4912 possit
1081 4830 1214 4896 lunonis
1234 4852 1344 4898 saevae
1372 4834 1438 4898 irae
1460 4832 1559 4898 ullmn
1580 4834 1648 4902 lore
1671 4837 1768 4904 tinem
1791 4835 1840 4903 rel

175 4941 363 5031 grarissma
383 4936 469 5004 mala
499 4959 647 5021 umquam
670 4938 711 5003 iri
743 4936 925 5003 sublatum?
960 4960 1055 5025 quam
1087 4958 1212 5021 semper
1240 4941 1408 5004 comitetur
1437 4948 1541 5005 cusas
1569 4942 1686 5027 Argus,
1717 4959 1842 5022 semper

175 5051 257 5118 diris
277 5045 470 5116 cruciadbns
492 5052 615 5112 oestrus
643 5049 875 5129 persequatur?
904 5043 965 5110 Tot
989 5043 1157 5128 tantisque
1187 5044 1279 5111 malis
1307 5043 1422 5112 obruta
1447 5044 1532 5130 quod
1554 5054 1686 5114 mortem
1709 5050 1843 5130 quaerat
