4236 5624
207 677 251 739 11

211 831 324 917 gaudis
344 834 411 892 tum
431 827 467 890 iu
488 820 668 890 enarranda
690 819 846 892 Helenae,
876 818 1054 900 Polyxeuae
1077 816 1213 883 aliarum
1234 827 1331 895 sorte,
1363 839 1498 901 quarum
1519 817 1561 885 de
1581 824 1692 882 morte
1714 820 1899 887 senten&

214 959 235 1001 a
255 953 328 999 vero
354 937 387 997 et
414 928 500 994 felici
530 927 724 992 Graecorum
752 922 881 1004 ingenio
910 942 1038 1002 prorsus
1069 926 1245 991 abhorrere
1277 926 1432 1002 videntur,
1461 925 1503 990 ab
1532 925 1670 1008 antiqua
1700 926 1765 992 illa
1797 929 1901 1013 νομὴ

215 1039 406 1110 discessisse,
436 1053 562 1097 necesse
584 1030 647 1094 erit
669 1028 757 1107 prius
786 1030 965 1108 quaeratur,
997 1048 1078 1108 quac
1101 1027 1221 1094 fuerint
1244 1051 1316 1093 cum
1338 1029 1473 1093 aliorum
1496 1033 1666 1111 poetarum
1690 1030 1896 1113 tragioom

218 1141 379 1225 Aeschyli,
410 1134 576 1218 Sophoclis
606 1140 675 1195 tum
705 1129 804 1210 ipsius
831 1126 994 1207 Euripidis
1021 1129 1055 1191 in
1084 1129 1156 1192 aliis
1182 1128 1298 1194 fabulis
1327 1128 1367 1192 de
1398 1133 1500 1192 morte
1528 1127 1679 1192 obeunda
1709 1131 1896 1207 sententiae,

218 1248 335 1315 deinde
352 1247 538 1328 exponatur,
559 1257 622 1320 quo
639 1254 733 1308 noro,
755 1236 792 1296 ut
810 1232 857 1294 ita
875 1229 993 1306 dicam,
1015 1236 1048 1296 et
1068 1232 1173 1296 adhuc
1185 1232 1315 1297 Graecis
1331 1233 1441 1315 ignoto
1463 1230 1562 1294 animi
1576 1229 1713 1296 adfectu
1728 1230 1898 1314 Euripidn

219 1357 277 1420 has
296 1367 446 1433 personas
464 1342 595 1407 finxerit
614 1338 665 1403 vel
681 1337 742 1402 sibi
759 1341 884 1416 optasse
902 1337 1038 1396 mortem
1050 1330 1100 1396 vel
1116 1331 1243 1397 obiisse.
1279 1331 1381 1407 Quam
1396 1328 1525 1412 quidem
1539 1328 1684 1410 priorem
1700 1330 1899 1412 quaestionis

222 1464 349 1542 partem
370 1452 447 1516 huic
469 1442 679 1526 disputationi
701 1439 913 1522 proponimus.
1594 1507 1597 1512 ι

351 1560 396 1621 Ac
412 1553 551 1636 primunr
564 1546 691 1630 quidem
713 1565 752 1607 ea
768 1539 923 1625 quaestio,
946 1535 1022 1619 quid
1042 1542 1155 1616 poetae
1170 1537 1283 1620 tragici
1299 1537 1340 1602 ‹le
1355 1542 1457 1599 morte
1472 1533 1621 1600 obeunda
1636 1537 1824 1614 senserint,
1842 1544 1899 1602 uu

224 1664 378 1731 disiditur
399 1659 432 1722 iu
454 1659 575 1737 partes:
598 1651 651 1734 qui
674 1649 760 1714 cuim
774 1645 886 1711 mortis
907 1640 1065 1705 desiderio
1082 1645 1239 1717 tenentur,
1262 1645 1318 1703 aut
1331 1639 1493 1721 praesenti
1512 1639 1651 1722 quodam
1666 1644 1706 1704 et
1720 1642 1795 1705 acri
1810 1642 1900 1707 anim

227 1769 355 1836 adfectu
377 1758 523 1828 commoti
546 1759 680 1820 mortem
700 1754 851 1832 oppetere
875 1746 1022 1826 cupiunt,
1044 1742 1134 1807 Ulixi
1156 1743 1275 1807 similes
1295 1742 1445 1807 audacius
1465 1762 1561 1825 quam
1582 1742 1692 1807 verius
1711 1743 1817 1809 vitam
1834 1765 1898 1809 ene

226 1872 417 1938 temnentes,
448 1868 484 1927 ut
510 1880 607 1940 supra
634 1857 700 1920 ianr
728 1872 822 1932 saepe
852 1848 1002 1921 uidimus
1035 1851 1091 1909 aut
1119 1851 1255 1910 mortem
1283 1850 1453 1928 quaeruut,
1481 1845 1633 1927 quoniam
1663 1846 1798 1911 maiora
1826 1846 1903 1912 mah

227 1975 390 2058 patiuntur
409 1987 504 2049 quarn
533 1963 617 2026 ferre
639 1959 773 2041 possint,
805 1960 860 2018 aut
882 1953 1018 2033 denique
1040 1951 1138 2014 uitam
1159 1957 1313 2030 spernunt
1334 1956 1368 2015 et
1389 1949 1598 2032 profundunt,
1627 1957 1665 2014 ut
1687 1953 1780 2018 vitae
1802 1955 1899 2035 pretio

229 2078 330 2143 maius
349 2067 471 2154 aliquid
493 2065 716 2146 adsequantur,
735 2057 819 2141 quod
841 2057 981 2118 uiuentes
1001 2052 1133 2134 adsequi
1154 2061 1324 2137 nequeunt,

357 2176 405 2239 Ex
427 2171 531 2235 tribus
551 2168 603 2230 his
624 2164 782 2246 partibus
811 2161 844 2222 in
873 2179 952 2241 quas
973 2160 1191 2239 quaestionem
1214 2159 1253 2224 de
1276 2158 1386 2223 mortis
1408 2157 1566 2221 desiderio
1586 2155 1776 2237 divisimus
1804 2160 1903 2242 pn'm

229 2284 298 2359 illa,
319 2299 399 2362 quae
422 2274 462 2338 de
485 2291 595 2337 eorum
610 2266 708 2332 animi
729 2262 857 2328 adfectu
879 2265 940 2336 est,
963 2258 1018 2341 qui
1041 2258 1159 2322 acriter
1174 2262 1323 2332 commoti
1338 2265 1458 2325 temere
1472 2259 1690 2342 potiusquam
1705 2261 1903 2328 considerate

231 2393 364 2452 mortem
388 2379 450 2444 sibi
472 2379 637 2454 exoptent,
669 2367 753 2448 apud
781 2363 971 2446 Aeschylum
992 2363 1043 2425 his
1065 2363 1265 2442 potissimum
1287 2365 1441 2446 exemplis
1468 2363 1641 2448 significari
1664 2365 1752 2430 mihi
1774 2367 1902 2434 videtur,

232 2492 271 2554 In
291 2491 515 2570 Agamemnon.
536 2497 562 2539 v.
584 2479 645 2537 539
663 2470 752 2554 (edit.
769 2464 913 2530 Diudors.
933 2465 1016 2544 Lips.
1038 2465 1131 2548 1857)
1153 2486 1267 2545 praeco
1288 2468 1394 2547 patria
1415 2469 1494 2532 urbo
1516 2472 1688 2548 conspecta
1709 2469 1798 2535 haec
1816 2470 1904 2536 dicit:

231 2587 347 2675 χαίρω·
369 2584 532 2646 τεθνᾶναι
554 2570 582 2640 δ’
606 2566 711 2637 οὐκέτ’
729 2565 856 2656 ιίντεριῦ
878 2571 1016 2649 benig),
1040 2590 1121 2652 quae
1143 2573 1241 2636 verba
1263 2573 1344 2635 nihil
1366 2573 1454 2638 aliud
1476 2573 1618 2655 profecto
1637 2574 1831 2658 significant
1850 2578 1905 2642 nis·

235 2694 350 2760 ardens
372 2686 565 2755 desiderium
586 2702 649 2765 quo
671 2680 765 2743 homo
787 2677 956 2742 tenebatur
977 2677 1010 2739 in
1040 2677 1177 2757 patriam
1205 2675 1399 2752 revertendi,
1430 2682 1464 2740 et
1486 2680 1612 2760 gratum
1638 2698 1720 2761 erga
1743 2679 1824 2744 deos
1844 2680 1903 2744 ani·

235 2819 333 2872 mum,
356 2793 410 2877 qui
434 2790 496 2855 sibi
516 2785 688 2852 tribuerint
710 2781 795 2865 quod
817 2779 1004 2861 perdecem
1026 2799 1126 2843 annos
1148 2778 1421 2843 vehementissime
1444 2779 1607 2860 cupiverit.
1658 2778 1786 2844 Gratus
1806 2786 1907 2846 aum

235 2924 311 2986 arga
331 2899 406 2963 deos
424 2895 548 2961 animus
569 2893 604 2955 in
626 2911 663 2954 eo
684 2887 822 2951 maxime
844 2885 993 2954 cernitur,
1015 2891 1050 2947 ut
1073 2903 1131 2963 pro
1154 2881 1246 2944 donis
1268 2903 1288 2944 a
1309 2881 1371 2944 diis
1392 2882 1532 2961 acceptis
1548 2902 1604 2944 nos
1625 2887 1660 2946 et
1680 2878 1747 2965 ipsi
1772 2884 1859 2949 dona
1872 2884 1908 2948 iis

235 3005 428 3074 obseramus,
450 3016 553 3078 neque
572 2991 661 3065 vilia,
684 2990 739 3054 sed
763 3009 837 3052 cara
858 2993 890 3052 et
912 2988 1018 3068 magni
1039 2988 1135 3068 pretii
1154 2986 1251 3059 dona,
1272 3008 1405 3068 quorum
1429 2986 1693 3066 pretiosissimum
1713 2993 1751 3050 et
1766 2987 1905 3055 dulcimi-

236 3133 323 3178 mum
344 3115 429 3172 recte
452 3103 507 3167 ille
526 3118 642 3182 praeco
663 3098 761 3159 vitam
781 3115 848 3158 esse
871 3091 1003 3174 putarit.
1043 3091 1245 3156 Simillimum
1265 3089 1365 3172 igitur
1385 3110 1452 3155 esse
1472 3089 1556 3153 huuc
1575 3088 1682 3152 locum
1703 3087 1756 3152 illi
1771 3090 1908 3170 Homeri,

237 3234 330 3299 quern
350 3212 414 3273 iarn
436 3226 529 3285 saepe
552 3202 634 3265 diri:
668 3193 772 3279 αὐτὰρ
792 3190 980 3269 Ὀδυσσεύς,
1004 3194 1155 3274 τιέμενος
1175 3190 1231 3255 καί
1254 3192 1381 3257 καπνὸν
1405 3186 1679 3275 ἀποθρώσκοντα
1703 3197 1832 3279 νοῆσαι
1853 3198 1909 3281 τῆς

238 3311 335 3399 γαίης
356 3308 492 3373 θανέειν
514 3301 690 3384 ἱμείρεται.
714 3300 767 3360 rix
788 3317 867 3377 opus
889 3302 938 3360 est
960 3296 1075 3361 dicere.
1106 3296 1225 3360 Verum
1241 3302 1347 3360 antem
1367 3301 1400 3360 et
1415 3296 1573 3361 sincerum
1589 3296 1702 3360 mortis
1716 3295 1908 3365 desiderium

239 3420 273 3481 in
294 3415 345 3479 his
361 3410 465 3476 uerbis
486 3428 550 3470 non
571 3405 675 3468 inesse
690 3401 783 3466 facile
805 3400 910 3483 quiuis
933 3399 1093 3466 concedet.
1108 3437 1145 3451 -
1171 3399 1210 3463 In
1232 3399 1373 3464 eiusdem
1395 3401 1521 3466 fabulae
1544 3422 1571 3467 v.
1587 3406 1649 3466 550
1666 3399 1791 3465 chorus
1804 3423 1908 3468 senum

241 3522 440 3604 Argivorum,
471 3510 628 3595 Aegisthi,
660 3514 696 3570 ut
726 3505 864 3581 videtur,
894 3512 927 3569 et
956 3505 1223 3588 Clptaemnestrae
1254 3511 1347 3585 turpe
1369 3505 1528 3585 inperium
1549 3503 1750 3586 indignatus,
1780 3527 1817 3571 αθ
1837 3506 1912 3571 dide

240 3640 430 3706 magnopere
460 3622 596 3680 mortem
624 3631 739 3691 cupere
761 3612 899 3686 (θανεῖν
922 3608 1031 3691 πολλὴ
1054 3605 1181 3688 χάρις),
1205 3614 1239 3671 et
1260 3614 1332 3688 post
1354 3609 1489 3672 occisum
1513 3608 1788 3690 Agamemnonem
1809 3611 1908 3677 rabie

241 3745 370 3806 samque
392 3719 661 3800 Clytaemnestrae
682 3711 887 3775 iactationem
908 3708 1018 3774 fidelos
1039 3709 1167 3774 domiuo
1189 3732 1280 3774 senes
1301 3733 1328 3775 v.
1355 3717 1435 3775 14511
1459 3731 1526 3793 sqq,
1548 3709 1692 3792 legentes
1715 3710 1909 3778 exclamm:

241 3830 316 3917 φεῦ,
340 3822 390 3899 τίς
413 3815 452 3885 ίίν
478 3817 512 3883 έν
529 3813 630 3897 τάχει,
655 3812 699 3898 μῆ
724 3808 946 3901 περιώδυνος,
971 3811 1057 3896 μηδὲ
1079 3808 1312 3896 δεμνιοτήρης,
1336 3810 1438 3894 μόλοι
1460 3810 1516 3875 τδν
1538 3804 1592 3875 ἀεὶ
1614 3809 1755 3900 φέρουσ’
1779 3813 1817 3880 ἓν
1839 3810 1913 3901 ἡμῖν

240 3922 347 4016 Μοῖρ’
364 3920 540 3990 ἀτέλευτον
560 3915 674 3994 ὕπνον,
701 3916 863 3998 δαμέντος
886 3911 1037 4001 φύλακος
1056 3914 1125 3979 κτλ.
1168 3917 1350 3999 Respondet
1372 3917 1623 4001 Clytaemnestra
1642 3938 1669 3982 r.
1688 3922 1791 3985 ¹462:
1814 3918 1914 4002 μηδὲ,

241 4031 395 4102 θανάτου
415 4030 537 4110 μοῖραν
551 4018 693 4100 ἐπεύχου
715 4022 828 4085 τοῖσδε
850 4017 1031 4100 βαρυνθείς
1054 4019 1133 4087 κτλ..
1158 4020 1209 4083 his
1227 4023 1333 4086 verbis
1350 4020 1534 4104 significans
1549 4024 1683 4083 mortem
1700 4019 1911 4103 Agamem.

243 4139 292 4202 nis
312 4155 376 4198 non
399 4133 523 4193 tantum
545 4145 614 4188 esse
645 4123 776 4198 malum,
806 4122 891 4204 quod
921 4121 997 4185 ferri
1028 4141 1092 4184 uon
1120 4123 1235 4200 possit:
1267 4145 1369 4207 neque
1399 4123 1547 4186 videntur
1576 4141 1667 4185 senes
1695 4143 1775 4187 vero
1806 4126 1917 4189 mortis

242 4236 400 4304 desiderio
423 4229 539 4302 teneri,
571 4226 689 4308 quippe
718 4225 774 4306 qui
804 4226 853 4288 his
875 4224 979 4288 verbis
1002 4222 1046 4306 μὴ
1069 4224 1275 4308 περιώδυνος
1297 4228 1381 4309 μηδὲ
1405 4224 1622 4310 δεμνιοτήρης
1642 4230 1702 4291 etc.
1734 4227 1917 4295 deti-want

243 4344 371 4427 quidem
393 4341 529 4404 mortem
551 4353 679 4416 gravem
700 4337 733 4395 et
750 4333 910 4405 acerbam,
933 4350 1014 4411 qnae
1034 4330 1150 4393 sensim
1175 4330 1392 4413 paulatimque
1414 4329 1553 4405 conficit,
1576 4334 1609 4394 et
1622 4334 1738 4411 optent
1756 4334 1917 4417 extemplo

244 4447 337 4522 mori,
367 4441 424 4508 sed
452 4444 564 4521 postea
590 4455 683 4518 aegre
706 4433 835 4515 quidem
863 4440 896 4498 et
925 4432 1049 4515 magnis
1078 4433 1204 4516 iurgiis,
1233 4442 1339 4499 tamon
1368 4434 1463 4497 nimis
1482 4432 1643 4515 patienter
1673 4440 1706 4498 et
1733 4434 1825 4500 haud
1854 4440 1917 4505 3010

245 4570 287 4614 an
307 4549 450 4630 ignavius
469 4541 645 4608 crudehum
668 4538 909 4604 interfectorum
931 4537 1179 4604 dominationem
1198 4537 1304 4600 ferant
1324 4535 1393 4620 (cir.
1416 4559 1443 4601 r.
1471 4540 1566 4601 1669:
1601 4537 1741 4621 πρᾶσσε,
1766 4536 1916 4619 πιαίνου,

245 4649 385 4733 μιαίνων
405 4646 461 4732 τὴν
484 4645 587 4730 δίκην,
612 4641 687 4708 ἐπεὶ
711 4637 830 4728 πάρα).
853 4678 890 4687 -
914 4640 956 4703 Et
977 4644 1105 4707 omnino
1127 4643 1161 4707 in
1182 4641 1311 4725 trilogia
1332 4641 1391 4705 illa
1411 4640 1588 4722 Aeschylea
1608 4639 1723 4704 ardeus
1747 4641 1921 4710 exhibetur

246 4754 330 4817 vitae
357 4771 458 4814 amor:
488 4750 637 4830 precibus
659 4747 818 4811 invocavit
839 4752 965 4827 patrem
986 4747 1167 4832 Iphigenia,
1196 4751 1233 4809 ut
1254 4747 1321 4810 vita
1348 4743 1497 4826 virginali
1519 4747 1665 4824 parceret
1684 4739 1863 4823 (similiter,
1884 4754 1922 4810 qq

368 4956 395 5019 ·)
415 4951 568 5006 Retinem
586 4956 611 5007 in
630 4961 707 5007 tanta
725 4950 854 5006 editorum
874 4949 1052 5016 discrepantia
1067 4954 1171 5002 textum
1188 4947 1275 5015 qualis
1292 4945 1370 5012 uulgo
1388 4943 1510 4997 caditur.
