<?xml version="1.0" encoding="UTF-8"?>
<!DOCTYPE html PUBLIC "-//W3C//DTD XHTML 1.0 Transitional//EN"
    "http://www.w3.org/TR/xhtml1/DTD/xhtml1-transitional.dtd">
<html xmlns="http://www.w3.org/1999/xhtml" xml:lang="en" lang="en">
 <head>
  <title>
</title>
<meta http-equiv="Content-Type" content="text/html;charset=utf-8" />
  <meta name='ocr-system' content='tesseract 3.04.00' />
  <meta name='ocr-capabilities' content='ocr_page ocr_carea ocr_par ocr_line ocrx_word'/>
</head>
<body>
  <div class='ocr_page' id='page_1' title='image "./quaestioneseuri00buscgoog_0038.png"; bbox 0 0 4236 5624; ppageno 0'>
   <div class='ocr_carea' id='block_1_1' title="bbox 231 703 278 767">
    <p class='ocr_par' dir='ltr' id='par_1_1' title="bbox 231 703 278 767">
     <span class='ocr_line' id='line_1_1' title="bbox 231 703 278 767; baseline 0 0"><span class='ocrx_word' id='word_1_1' title='bbox 231 703 278 767; x_wconf 73' lang='lat'>28</span> 
     </span>
    </p>
   </div>
   <div class='ocr_carea' id='block_1_2' title="bbox 164 863 1912 5098">
    <p class='ocr_par' dir='ltr' id='par_1_2' title="bbox 164 863 1912 5098">
     <span class='ocr_line' id='line_1_2' title="bbox 233 863 1911 956; baseline 0.004 -24"><span class='ocrx_word' id='word_1_2' title='bbox 233 866 366 950; x_wconf 86' lang='lat' dir='ltr'>reliquit</span> <span class='ocrx_word' id='word_1_3' title='bbox 386 863 586 943; x_wconf 87' lang='lat' dir='ltr'>Oechaliam,</span> <span class='ocrx_word' id='word_1_4' title='bbox 607 865 708 932; x_wconf 88' lang='lat' dir='ltr'>tacita</span> <span class='ocrx_word' id='word_1_5' title='bbox 727 865 861 932; x_wconf 84' lang='lat' dir='ltr'>indulsit</span> <span class='ocrx_word' id='word_1_6' title='bbox 882 865 1012 949; x_wconf 92' lang='lat' dir='ltr'>quidem</span> <span class='ocrx_word' id='word_1_7' title='bbox 1032 864 1170 930; x_wconf 90' lang='lat' dir='ltr'>maerori</span> <span class='ocrx_word' id='word_1_8' title='bbox 1190 871 1286 950; x_wconf 90' lang='lat' dir='ltr'>atque</span> <span class='ocrx_word' id='word_1_9' title='bbox 1308 867 1457 934; x_wconf 78' lang='lat' dir='ltr'>lacrumis</span> <span class='ocrx_word' id='word_1_10' title='bbox 1476 868 1565 956; x_wconf 86' lang='lat' dir='ltr'><strong>(ibid.</strong></span> <span class='ocrx_word' id='word_1_11' title='bbox 1581 890 1608 935; x_wconf 82' lang='lat' dir='ltr'>v.</span> <span class='ocrx_word' id='word_1_12' title='bbox 1624 874 1686 937; x_wconf 80' lang='lat'>323</span> <span class='ocrx_word' id='word_1_13' title='bbox 1702 870 1800 956; x_wconf 81' lang='lat' dir='ltr'>sqq),</span> <span class='ocrx_word' id='word_1_14' title='bbox 1821 892 1911 938; x_wconf 91' lang='lat' dir='ltr'>num·</span> 
     </span>
     <span class='ocr_line' id='line_1_3' title="bbox 232 967 1912 1055; baseline 0.001 -20"><span class='ocrx_word' id='word_1_15' title='bbox 232 991 330 1054; x_wconf 89' lang='lat' dir='ltr'>quam</span> <span class='ocrx_word' id='word_1_16' title='bbox 352 974 460 1034; x_wconf 86' lang='lat' dir='ltr'>tamen</span> <span class='ocrx_word' id='word_1_17' title='bbox 481 967 516 1032; x_wconf 94' lang='lat' dir='ltr'>id</span> <span class='ocrx_word' id='word_1_18' title='bbox 539 987 647 1033; x_wconf 88' lang='lat' dir='ltr'>secum</span> <span class='ocrx_word' id='word_1_19' title='bbox 668 968 771 1053; x_wconf 79' lang='lat' dir='ltr'><strong>egisse</strong></span> <span class='ocrx_word' id='word_1_20' title='bbox 793 967 928 1044; x_wconf 85' lang='lat' dir='ltr'>videtur,</span> <span class='ocrx_word' id='word_1_21' title='bbox 951 970 1071 1050; x_wconf 92' lang='lat' dir='ltr'>quanto</span> <span class='ocrx_word' id='word_1_22' title='bbox 1100 967 1271 1048; x_wconf 80' lang='lat' dir='ltr'><strong>optabilius</strong></span> <span class='ocrx_word' id='word_1_23' title='bbox 1299 974 1382 1036; x_wconf 86' lang='lat' dir='ltr'>esset</span> <span class='ocrx_word' id='word_1_24' title='bbox 1409 969 1511 1036; x_wconf 89' lang='lat' dir='ltr'>libera</span> <span class='ocrx_word' id='word_1_25' title='bbox 1539 969 1662 1052; x_wconf 89' lang='lat' dir='ltr'>conripi</span> <span class='ocrx_word' id='word_1_26' title='bbox 1683 976 1792 1037; x_wconf 87' lang='lat' dir='ltr'>morte</span> <span class='ocrx_word' id='word_1_27' title='bbox 1816 992 1912 1055; x_wconf 90' lang='lat' dir='ltr'>quam</span> 
     </span>
     <span class='ocr_line' id='line_1_4' title="bbox 232 1071 1912 1159; baseline -0.004 -14"><span class='ocrx_word' id='word_1_28' title='bbox 232 1079 340 1145; x_wconf 82' lang='lat' dir='ltr'>servili</span> <span class='ocrx_word' id='word_1_29' title='bbox 360 1077 410 1142; x_wconf 91' lang='lat' dir='ltr'>uti</span> <span class='ocrx_word' id='word_1_30' title='bbox 430 1077 506 1143; x_wconf 86' lang='lat' dir='ltr'>vita.</span> <span class='ocrx_word' id='word_1_31' title='bbox 548 1075 659 1159; x_wconf 84' lang='lat' dir='ltr'>Neque</span> <span class='ocrx_word' id='word_1_32' title='bbox 679 1074 890 1158; x_wconf 76' lang='lat' dir='ltr'><strong>inprudenter</strong></span> <span class='ocrx_word' id='word_1_33' title='bbox 911 1072 987 1137; x_wconf 84' lang='lat' dir='ltr'>fecit</span> <span class='ocrx_word' id='word_1_34' title='bbox 1007 1071 1075 1136; x_wconf 91' lang='lat' dir='ltr'>Iole</span> <span class='ocrx_word' id='word_1_35' title='bbox 1091 1071 1189 1135; x_wconf 82' lang='lat' dir='ltr'>vitam</span> <span class='ocrx_word' id='word_1_36' title='bbox 1210 1093 1274 1136; x_wconf 93' lang='lat' dir='ltr'>non</span> <span class='ocrx_word' id='word_1_37' title='bbox 1295 1094 1455 1156; x_wconf 88' lang='lat' dir='ltr'>respuens.</span> <span class='ocrx_word' id='word_1_38' title='bbox 1498 1073 1580 1139; x_wconf 88' lang='lat' dir='ltr'>Nam</span> <span class='ocrx_word' id='word_1_39' title='bbox 1601 1074 1693 1140; x_wconf 88' lang='lat' dir='ltr'>fortis</span> <span class='ocrx_word' id='word_1_40' title='bbox 1715 1074 1804 1140; x_wconf 86' lang='lat' dir='ltr'>Iovis</span> <span class='ocrx_word' id='word_1_41' title='bbox 1825 1074 1912 1139; x_wconf 85' lang='lat' dir='ltr'>filius</span> 
     </span>
     <span class='ocr_line' id='line_1_5' title="bbox 232 1170 1907 1262; baseline -0.002 -16"><span class='ocrx_word' id='word_1_42' title='bbox 232 1184 324 1246; x_wconf 90' lang='lat' dir='ltr'>tanto</span> <span class='ocrx_word' id='word_1_43' title='bbox 353 1179 506 1262; x_wconf 88' lang='lat' dir='ltr'>pulchrae</span> <span class='ocrx_word' id='word_1_44' title='bbox 527 1199 637 1244; x_wconf 84' lang='lat' dir='ltr'>servae</span> <span class='ocrx_word' id='word_1_45' title='bbox 657 1179 828 1245; x_wconf 89' lang='lat' dir='ltr'>tenebatur</span> <span class='ocrx_word' id='word_1_46' title='bbox 849 1197 971 1253; x_wconf 91' lang='lat' dir='ltr'>amore,</span> <span class='ocrx_word' id='word_1_47' title='bbox 1000 1178 1037 1236; x_wconf 86' lang='lat' dir='ltr'>ut</span> <span class='ocrx_word' id='word_1_48' title='bbox 1063 1170 1128 1236; x_wconf 89' lang='lat' dir='ltr'>iam</span> <span class='ocrx_word' id='word_1_49' title='bbox 1150 1173 1356 1240; x_wconf 92' lang='lat' dir='ltr'>moribundus</span> <span class='ocrx_word' id='word_1_50' title='bbox 1384 1180 1417 1241; x_wconf 91' lang='lat' dir='ltr'>et</span> <span class='ocrx_word' id='word_1_51' title='bbox 1442 1175 1589 1241; x_wconf 88' lang='lat' dir='ltr'>horribili</span> <span class='ocrx_word' id='word_1_52' title='bbox 1612 1175 1703 1242; x_wconf 86' lang='lat' dir='ltr'>clade</span> <span class='ocrx_word' id='word_1_53' title='bbox 1724 1196 1831 1258; x_wconf 86' lang='lat' dir='ltr'>paene</span> <span class='ocrx_word' id='word_1_54' title='bbox 1852 1176 1907 1242; x_wconf 87' lang='lat' dir='ltr'>ab·</span> 
     </span>
     <span class='ocr_line' id='line_1_6' title="bbox 231 1277 1912 1369; baseline -0.004 -18"><span class='ocrx_word' id='word_1_55' title='bbox 231 1292 377 1369; x_wconf 87' lang='lat' dir='ltr'>sumptus</span> <span class='ocrx_word' id='word_1_56' title='bbox 406 1285 588 1369; x_wconf 69' lang='lat' dir='ltr'>fractisque</span> <span class='ocrx_word' id='word_1_57' title='bbox 616 1284 741 1362; x_wconf 91' lang='lat' dir='ltr'>dolore,</span> <span class='ocrx_word' id='word_1_58' title='bbox 770 1305 841 1348; x_wconf 90' lang='lat' dir='ltr'>cum</span> <span class='ocrx_word' id='word_1_59' title='bbox 872 1278 1135 1347; x_wconf 65' lang='lat' dir='ltr'>inmortalitatem</span> <span class='ocrx_word' id='word_1_60' title='bbox 1154 1277 1226 1357; x_wconf 93' lang='lat' dir='ltr'>ipsa</span> <span class='ocrx_word' id='word_1_61' title='bbox 1246 1283 1349 1343; x_wconf 87' lang='lat' dir='ltr'>morte</span> <span class='ocrx_word' id='word_1_62' title='bbox 1375 1278 1545 1361; x_wconf 86' lang='lat' dir='ltr'>quaesivit,</span> <span class='ocrx_word' id='word_1_63' title='bbox 1573 1279 1662 1344; x_wconf 84' lang='lat' dir='ltr'>suavi</span> <span class='ocrx_word' id='word_1_64' title='bbox 1691 1279 1912 1364; x_wconf 69' lang='lat' dir='ltr'>generositate</span> 
     </span>
     <span class='ocr_line' id='line_1_7' title="bbox 231 1382 1907 1472; baseline -0.004 -16"><span class='ocrx_word' id='word_1_65' title='bbox 231 1411 340 1456; x_wconf 88' lang='lat' dir='ltr'>earam</span> <span class='ocrx_word' id='word_1_66' title='bbox 366 1390 506 1472; x_wconf 91' lang='lat' dir='ltr'>puellam</span> <span class='ocrx_word' id='word_1_67' title='bbox 535 1388 602 1453; x_wconf 83' lang='lat' dir='ltr'>filio</span> <span class='ocrx_word' id='word_1_68' title='bbox 631 1386 866 1454; x_wconf 83' lang='lat' dir='ltr'>commendaret</span> <span class='ocrx_word' id='word_1_69' title='bbox 893 1393 926 1450; x_wconf 91' lang='lat' dir='ltr'>et</span> <span class='ocrx_word' id='word_1_70' title='bbox 953 1383 1112 1449; x_wconf 79' lang='lat' dir='ltr'>recusanti</span> <span class='ocrx_word' id='word_1_71' title='bbox 1141 1382 1237 1467; x_wconf 85' lang='lat' dir='ltr'>Hyllo</span> <span class='ocrx_word' id='word_1_72' title='bbox 1258 1383 1346 1449; x_wconf 84' lang='lat' dir='ltr'>diras</span> <span class='ocrx_word' id='word_1_73' title='bbox 1372 1387 1478 1467; x_wconf 88' lang='lat' dir='ltr'>petius</span> <span class='ocrx_word' id='word_1_74' title='bbox 1505 1389 1691 1467; x_wconf 89' lang='lat' dir='ltr'>precaretur</span> <span class='ocrx_word' id='word_1_75' title='bbox 1716 1405 1817 1469; x_wconf 89' lang='lat' dir='ltr'>quam</span> <span class='ocrx_word' id='word_1_76' title='bbox 1836 1405 1907 1449; x_wconf 87' lang='lat' dir='ltr'>eam</span> 
     </span>
     <span class='ocr_line' id='line_1_8' title="bbox 231 1483 1903 1581; baseline -0.005 -20"><span class='ocrx_word' id='word_1_77' title='bbox 231 1498 441 1581; x_wconf 91' lang='lat' dir='ltr'>relinqueret,</span> <span class='ocrx_word' id='word_1_78' title='bbox 462 1498 594 1576; x_wconf 89' lang='lat' dir='ltr'>propter</span> <span class='ocrx_word' id='word_1_79' title='bbox 617 1493 707 1558; x_wconf 91' lang='lat' dir='ltr'>cuius</span> <span class='ocrx_word' id='word_1_80' title='bbox 729 1512 869 1558; x_wconf 90' lang='lat' dir='ltr'>amorem</span> <span class='ocrx_word' id='word_1_81' title='bbox 890 1492 1021 1554; x_wconf 90' lang='lat' dir='ltr'>cruenta</span> <span class='ocrx_word' id='word_1_82' title='bbox 1041 1507 1138 1551; x_wconf 89' lang='lat' dir='ltr'>manu</span> <span class='ocrx_word' id='word_1_83' title='bbox 1159 1483 1343 1552; x_wconf 74' lang='lat' dir='ltr'>Oechaliam</span> <span class='ocrx_word' id='word_1_84' title='bbox 1364 1486 1441 1552; x_wconf 92' lang='lat' dir='ltr'>olim</span> <span class='ocrx_word' id='word_1_85' title='bbox 1465 1486 1634 1553; x_wconf 86' lang='lat' dir='ltr'>delevisset</span> <span class='ocrx_word' id='word_1_86' title='bbox 1654 1486 1745 1573; x_wconf 84' lang='lat' dir='ltr'>(ibid.</span> <span class='ocrx_word' id='word_1_87' title='bbox 1769 1509 1800 1554; x_wconf 90' lang='lat' dir='ltr'>v.</span> <span class='ocrx_word' id='word_1_88' title='bbox 1826 1491 1903 1553; x_wconf 77' lang='lat'>1221</span> 
     </span>
     <span class='ocr_line' id='line_1_9' title="bbox 231 1590 1907 1683; baseline -0.003 -18"><span class='ocrx_word' id='word_1_89' title='bbox 231 1620 301 1683; x_wconf 89' lang='lat' dir='ltr'><strong>sqq.</strong></span> <span class='ocrx_word' id='word_1_90' title='bbox 327 1600 408 1665; x_wconf 78' lang='lat'>1238</span> <span class='ocrx_word' id='word_1_91' title='bbox 428 1599 511 1683; x_wconf 92' lang='lat' dir='ltr'><strong>sqq.)</strong></span> <span class='ocrx_word' id='word_1_92' title='bbox 532 1602 564 1663; x_wconf 93' lang='lat' dir='ltr'>et</span> <span class='ocrx_word' id='word_1_93' title='bbox 584 1597 652 1678; x_wconf 89' lang='lat' dir='ltr'>ipse</span> <span class='ocrx_word' id='word_1_94' title='bbox 673 1617 757 1660; x_wconf 91' lang='lat' dir='ltr'>nunc</span> <span class='ocrx_word' id='word_1_95' title='bbox 778 1595 907 1677; x_wconf 88' lang='lat' dir='ltr'>periret.</span> <span class='ocrx_word' id='word_1_96' title='bbox 957 1591 1026 1669; x_wconf 87' lang='lat' dir='ltr'>Qua</span> <span class='ocrx_word' id='word_1_97' title='bbox 1046 1590 1167 1656; x_wconf 87' lang='lat' dir='ltr'>blanda</span> <span class='ocrx_word' id='word_1_98' title='bbox 1188 1596 1221 1656; x_wconf 91' lang='lat' dir='ltr'>et</span> <span class='ocrx_word' id='word_1_99' title='bbox 1247 1612 1400 1675; x_wconf 89' lang='lat' dir='ltr'>generosa</span> <span class='ocrx_word' id='word_1_100' title='bbox 1427 1595 1536 1678; x_wconf 90' lang='lat' dir='ltr'>magni</span> <span class='ocrx_word' id='word_1_101' title='bbox 1564 1594 1625 1658; x_wconf 86' lang='lat' dir='ltr'>riri</span> <span class='ocrx_word' id='word_1_102' title='bbox 1646 1615 1724 1679; x_wconf 86' lang='lat' dir='ltr'>erga</span> <span class='ocrx_word' id='word_1_103' title='bbox 1745 1595 1907 1679; x_wconf 84' lang='lat' dir='ltr'>virginem</span> 
     </span>
     <span class='ocr_line' id='line_1_10' title="bbox 232 1695 1905 1783; baseline -0.002 -18"><span class='ocrx_word' id='word_1_104' title='bbox 232 1699 438 1776; x_wconf 87' lang='lat' dir='ltr'>verecundia,</span> <span class='ocrx_word' id='word_1_105' title='bbox 461 1720 542 1782; x_wconf 90' lang='lat' dir='ltr'>quae</span> <span class='ocrx_word' id='word_1_106' title='bbox 564 1699 692 1783; x_wconf 89' lang='lat' dir='ltr'>quidem</span> <span class='ocrx_word' id='word_1_107' title='bbox 714 1720 734 1764; x_wconf 90' lang='lat' dir='ltr'>a</span> <span class='ocrx_word' id='word_1_108' title='bbox 755 1697 855 1762; x_wconf 91' lang='lat' dir='ltr'>nimia</span> <span class='ocrx_word' id='word_1_109' title='bbox 875 1695 1122 1777; x_wconf 86' lang='lat' dir='ltr'>Euripidearum</span> <span class='ocrx_word' id='word_1_110' title='bbox 1142 1714 1350 1775; x_wconf 88' lang='lat' dir='ltr'>personarum</span> <span class='ocrx_word' id='word_1_111' title='bbox 1371 1696 1508 1761; x_wconf 90' lang='lat' dir='ltr'>mollitia</span> <span class='ocrx_word' id='word_1_112' title='bbox 1529 1696 1622 1781; x_wconf 90' lang='lat' dir='ltr'>longe</span> <span class='ocrx_word' id='word_1_113' title='bbox 1644 1695 1757 1773; x_wconf 90' lang='lat' dir='ltr'>distat,</span> <span class='ocrx_word' id='word_1_114' title='bbox 1780 1697 1905 1762; x_wconf 89' lang='lat' dir='ltr'>dulcius</span> 
     </span>
     <span class='ocr_line' id='line_1_11' title="bbox 233 1797 1906 1887; baseline -0.001 -21"><span class='ocrx_word' id='word_1_115' title='bbox 233 1802 358 1887; x_wconf 89' lang='lat' dir='ltr'>aliquid</span> <span class='ocrx_word' id='word_1_116' title='bbox 378 1802 510 1886; x_wconf 85' lang='lat' dir='ltr'>cogitari</span> <span class='ocrx_word' id='word_1_117' title='bbox 531 1802 583 1866; x_wconf 85' lang='lat' dir='ltr'>vix</span> <span class='ocrx_word' id='word_1_118' title='bbox 603 1807 716 1885; x_wconf 89' lang='lat' dir='ltr'>potest.</span> <span class='ocrx_word' id='word_1_119' title='bbox 739 1840 782 1850; x_wconf 94' lang='lat'><em>-</em></span> <span class='ocrx_word' id='word_1_120' title='bbox 804 1801 924 1867; x_wconf 89' lang='lat' dir='ltr'>Similis</span> <span class='ocrx_word' id='word_1_121' title='bbox 945 1800 1028 1864; x_wconf 91' lang='lat' dir='ltr'>Ioles</span> <span class='ocrx_word' id='word_1_122' title='bbox 1049 1799 1084 1862; x_wconf 91' lang='lat' dir='ltr'>in</span> <span class='ocrx_word' id='word_1_123' title='bbox 1105 1797 1211 1863; x_wconf 84' lang='lat' dir='ltr'>Aiacis</span> <span class='ocrx_word' id='word_1_124' title='bbox 1233 1798 1341 1865; x_wconf 84' lang='lat' dir='ltr'>fabula</span> <span class='ocrx_word' id='word_1_125' title='bbox 1360 1801 1521 1866; x_wconf 81' lang='lat' dir='ltr'>invenitur</span> <span class='ocrx_word' id='word_1_126' title='bbox 1541 1801 1742 1878; x_wconf 85' lang='lat' dir='ltr'>Tecumessa,</span> <span class='ocrx_word' id='word_1_127' title='bbox 1763 1822 1849 1885; x_wconf 87' lang='lat' dir='ltr'>quas</span> <span class='ocrx_word' id='word_1_128' title='bbox 1872 1805 1906 1866; x_wconf 88' lang='lat' dir='ltr'>et</span> 
     </span>
     <span class='ocr_line' id='line_1_12' title="bbox 231 1901 1906 1994; baseline -0.005 -18"><span class='ocrx_word' id='word_1_129' title='bbox 231 1913 304 1993; x_wconf 89' lang='lat' dir='ltr'>ipsa</span> <span class='ocrx_word' id='word_1_130' title='bbox 325 1932 342 1974; x_wconf 94' lang='lat' dir='ltr'>e</span> <span class='ocrx_word' id='word_1_131' title='bbox 363 1910 463 1976; x_wconf 88' lang='lat' dir='ltr'>nobili</span> <span class='ocrx_word' id='word_1_132' title='bbox 484 1911 583 1994; x_wconf 89' lang='lat' dir='ltr'>stirpe</span> <span class='ocrx_word' id='word_1_133' title='bbox 614 1916 690 1976; x_wconf 87' lang='lat' dir='ltr'>nata</span> <span class='ocrx_word' id='word_1_134' title='bbox 713 1909 782 1994; x_wconf 84' lang='lat' dir='ltr'>(cfr.</span> <span class='ocrx_word' id='word_1_135' title='bbox 806 1933 835 1977; x_wconf 82' lang='lat' dir='ltr'>r.</span> <span class='ocrx_word' id='word_1_136' title='bbox 859 1914 922 1976; x_wconf 84' lang='grc'>487</span> <span class='ocrx_word' id='word_1_137' title='bbox 946 1909 1027 1991; x_wconf 85' lang='lat' dir='ltr'><strong>sqq.)</strong></span> <span class='ocrx_word' id='word_1_138' title='bbox 1056 1902 1217 1970; x_wconf 79' lang='lat' dir='ltr'>servitutis</span> <span class='ocrx_word' id='word_1_139' title='bbox 1237 1902 1370 1984; x_wconf 92' lang='lat' dir='ltr'>pertulit</span> <span class='ocrx_word' id='word_1_140' title='bbox 1396 1904 1506 1988; x_wconf 86' lang='lat' dir='ltr'>iugum</span> <span class='ocrx_word' id='word_1_141' title='bbox 1527 1909 1561 1970; x_wconf 90' lang='lat' dir='ltr'>et</span> <span class='ocrx_word' id='word_1_142' title='bbox 1582 1924 1691 1987; x_wconf 91' lang='lat' dir='ltr'>quam,</span> <span class='ocrx_word' id='word_1_143' title='bbox 1721 1903 1801 1969; x_wconf 87' lang='lat' dir='ltr'>lieet</span> <span class='ocrx_word' id='word_1_144' title='bbox 1820 1901 1906 1969; x_wconf 90' lang='lat' dir='ltr'>bello</span> 
     </span>
     <span class='ocr_line' id='line_1_13' title="bbox 231 2004 1904 2096; baseline -0.004 -18"><span class='ocrx_word' id='word_1_145' title='bbox 231 2016 372 2094; x_wconf 88' lang='lat' dir='ltr'>captam,</span> <span class='ocrx_word' id='word_1_146' title='bbox 401 2033 465 2078; x_wconf 93' lang='lat' dir='ltr'>non</span> <span class='ocrx_word' id='word_1_147' title='bbox 491 2013 554 2078; x_wconf 83' lang='lat' dir='ltr'>levi</span> <span class='ocrx_word' id='word_1_148' title='bbox 583 2034 691 2079; x_wconf 92' lang='lat' dir='ltr'>amore</span> <span class='ocrx_word' id='word_1_149' title='bbox 721 2014 820 2080; x_wconf 91' lang='lat' dir='ltr'>coluit</span> <span class='ocrx_word' id='word_1_150' title='bbox 848 2033 980 2096; x_wconf 89' lang='lat' dir='ltr'>magnus</span> <span class='ocrx_word' id='word_1_151' title='bbox 1008 2011 1090 2076; x_wconf 86' lang='lat' dir='ltr'>Aiax</span> <span class='ocrx_word' id='word_1_152' title='bbox 1117 2008 1209 2092; x_wconf 82' lang='lat' dir='ltr'>(ibid.</span> <span class='ocrx_word' id='word_1_153' title='bbox 1231 2030 1259 2075; x_wconf 88' lang='lat' dir='ltr'>v.</span> <span class='ocrx_word' id='word_1_154' title='bbox 1282 2013 1358 2074; x_wconf 80' lang='lat'>211:</span> <span class='ocrx_word' id='word_1_155' title='bbox 1390 2007 1468 2073; x_wconf 75' lang='grc' dir='ltr'><strong><em>ἐπεί</em></strong></span> <span class='ocrx_word' id='word_1_156' title='bbox 1495 2031 1533 2074; x_wconf 88' lang='grc' dir='ltr'>σε</span> <span class='ocrx_word' id='word_1_157' title='bbox 1555 2009 1649 2088; x_wconf 83' lang='grc' dir='ltr'><strong><em>λέχος</em></strong></span> <span class='ocrx_word' id='word_1_158' title='bbox 1671 2004 1904 2094; x_wconf 67' lang='lat' dir='ltr'>deversitores</span> 
     </span>
     <span class='ocr_line' id='line_1_14' title="bbox 232 2109 1903 2204; baseline -0.005 -23"><span class='ocrx_word' id='word_1_159' title='bbox 232 2115 372 2204; x_wconf 80' lang='grc' dir='ltr'><strong><em>στέρξας</em></strong></span> <span class='ocrx_word' id='word_1_160' title='bbox 392 2111 500 2198; x_wconf 73' lang='grc' dir='ltr'><strong><em>ἀνέχει</em></strong></span> <span class='ocrx_word' id='word_1_161' title='bbox 522 2116 666 2204; x_wconf 75' lang='grc' dir='ltr'><strong><em>θούριος</em></strong></span> <span class='ocrx_word' id='word_1_162' title='bbox 687 2114 811 2203; x_wconf 81' lang='grc' dir='ltr'><strong><em>Αἴας)</em></strong></span> <span class='ocrx_word' id='word_1_163' title='bbox 848 2117 934 2183; x_wconf 82' lang='lat' dir='ltr'>Neve</span> <span class='ocrx_word' id='word_1_164' title='bbox 955 2120 1047 2199; x_wconf 90' lang='lat' dir='ltr'>putet</span> <span class='ocrx_word' id='word_1_165' title='bbox 1068 2113 1183 2197; x_wconf 85' lang='lat' dir='ltr'>aliquis</span> <span class='ocrx_word' id='word_1_166' title='bbox 1203 2112 1420 2178; x_wconf 85' lang='lat' dir='ltr'>Tecumessam</span> <span class='ocrx_word' id='word_1_167' title='bbox 1442 2111 1600 2178; x_wconf 86' lang='lat' dir='ltr'>libertatis</span> <span class='ocrx_word' id='word_1_168' title='bbox 1622 2114 1655 2175; x_wconf 87' lang='lat' dir='ltr'>et</span> <span class='ocrx_word' id='word_1_169' title='bbox 1675 2109 1903 2193; x_wconf 81' lang='lat' dir='ltr'>generositatis</span> 
     </span>
     <span class='ocr_line' id='line_1_15' title="bbox 231 2211 1901 2302; baseline -0.005 -18"><span class='ocrx_word' id='word_1_170' title='bbox 231 2239 327 2285; x_wconf 86' lang='lat' dir='ltr'>sensu</span> <span class='ocrx_word' id='word_1_171' title='bbox 355 2220 507 2298; x_wconf 89' lang='lat' dir='ltr'>caruisse,</span> <span class='ocrx_word' id='word_1_172' title='bbox 535 2220 586 2284; x_wconf 92' lang='lat' dir='ltr'>cui</span> <span class='ocrx_word' id='word_1_173' title='bbox 607 2240 793 2302; x_wconf 89' lang='lat' dir='ltr'>persuasum</span> <span class='ocrx_word' id='word_1_174' title='bbox 814 2224 898 2285; x_wconf 90' lang='lat' dir='ltr'>esset</span> <span class='ocrx_word' id='word_1_175' title='bbox 924 2219 1047 2283; x_wconf 92' lang='lat' dir='ltr'>nullum</span> <span class='ocrx_word' id='word_1_176' title='bbox 1067 2216 1249 2282; x_wconf 90' lang='lat' dir='ltr'>hominibus</span> <span class='ocrx_word' id='word_1_177' title='bbox 1270 2216 1371 2282; x_wconf 91' lang='lat' dir='ltr'>maius</span> <span class='ocrx_word' id='word_1_178' title='bbox 1401 2235 1468 2281; x_wconf 91' lang='lat' dir='ltr'>esse</span> <span class='ocrx_word' id='word_1_179' title='bbox 1497 2215 1616 2279; x_wconf 90' lang='lat' dir='ltr'>malum</span> <span class='ocrx_word' id='word_1_180' title='bbox 1635 2233 1732 2296; x_wconf 91' lang='lat' dir='ltr'>quam</span> <span class='ocrx_word' id='word_1_181' title='bbox 1753 2211 1901 2278; x_wconf 78' lang='lat' dir='ltr'>servilem</span> 
     </span>
     <span class='ocr_line' id='line_1_16' title="bbox 230 2315 1902 2405; baseline -0.002 -19"><span class='ocrx_word' id='word_1_182' title='bbox 230 2320 449 2387; x_wconf 89' lang='lat' dir='ltr'>condicionem</span> <span class='ocrx_word' id='word_1_183' title='bbox 471 2315 676 2405; x_wconf 76' lang='grc' dir='ltr'><strong><em>(ἀναγκαίαν</em></strong></span> <span class='ocrx_word' id='word_1_184' title='bbox 696 2318 828 2405; x_wconf 77' lang='grc' dir='ltr'><strong><em>τύχην),</em></strong></span> <span class='ocrx_word' id='word_1_185' title='bbox 860 2342 962 2403; x_wconf 88' lang='lat' dir='ltr'>neque</span> <span class='ocrx_word' id='word_1_186' title='bbox 989 2319 1133 2386; x_wconf 89' lang='lat' dir='ltr'>acerbius</span> <span class='ocrx_word' id='word_1_187' title='bbox 1162 2320 1223 2385; x_wconf 92' lang='lat' dir='ltr'>sibi</span> <span class='ocrx_word' id='word_1_188' title='bbox 1249 2319 1370 2403; x_wconf 89' lang='lat' dir='ltr'>aliquid</span> <span class='ocrx_word' id='word_1_189' title='bbox 1399 2319 1544 2384; x_wconf 90' lang='lat' dir='ltr'>accidere</span> <span class='ocrx_word' id='word_1_190' title='bbox 1571 2339 1662 2400; x_wconf 92' lang='lat' dir='ltr'>posse</span> <span class='ocrx_word' id='word_1_191' title='bbox 1684 2338 1783 2401; x_wconf 91' lang='lat' dir='ltr'>quam</span> <span class='ocrx_word' id='word_1_192' title='bbox 1805 2316 1902 2382; x_wconf 81' lang='lat' dir='ltr'>Aiace</span> 
     </span>
     <span class='ocr_line' id='line_1_17' title="bbox 229 2420 1901 2508; baseline -0.002 -20"><span class='ocrx_word' id='word_1_193' title='bbox 229 2429 354 2489; x_wconf 88' lang='lat' dir='ltr'>mortuo</span> <span class='ocrx_word' id='word_1_194' title='bbox 378 2445 450 2488; x_wconf 91' lang='lat' dir='ltr'>cum</span> <span class='ocrx_word' id='word_1_195' title='bbox 471 2424 571 2489; x_wconf 88' lang='lat' dir='ltr'>filiolo</span> <span class='ocrx_word' id='word_1_196' title='bbox 592 2425 627 2487; x_wconf 93' lang='lat' dir='ltr'>in</span> <span class='ocrx_word' id='word_1_197' title='bbox 651 2424 811 2488; x_wconf 89' lang='lat' dir='ltr'>miseriam</span> <span class='ocrx_word' id='word_1_198' title='bbox 834 2425 956 2506; x_wconf 89' lang='lat' dir='ltr'>proripi</span> <span class='ocrx_word' id='word_1_199' title='bbox 978 2429 1011 2489; x_wconf 92' lang='lat' dir='ltr'>et</span> <span class='ocrx_word' id='word_1_200' title='bbox 1032 2423 1215 2489; x_wconf 87' lang='lat' dir='ltr'>servitutem</span> <span class='ocrx_word' id='word_1_201' title='bbox 1237 2420 1389 2503; x_wconf 81' lang='grc' dir='ltr'><strong><em>(δουλίαν</em></strong></span> <span class='ocrx_word' id='word_1_202' title='bbox 1408 2422 1547 2507; x_wconf 75' lang='grc' dir='ltr'><strong><em>τροφήν,</em></strong></span> <span class='ocrx_word' id='word_1_203' title='bbox 1570 2421 1688 2489; x_wconf 82' lang='lat' dir='ltr'>ibidv.</span> <span class='ocrx_word' id='word_1_204' title='bbox 1702 2422 1792 2508; x_wconf 92' lang='grc'>499).</span> <span class='ocrx_word' id='word_1_205' title='bbox 1824 2421 1901 2486; x_wconf 83' lang='lat' dir='ltr'>Cum</span> 
     </span>
     <span class='ocr_line' id='line_1_18' title="bbox 230 2524 1905 2611; baseline -0.003 -16"><span class='ocrx_word' id='word_1_206' title='bbox 230 2530 316 2596; x_wconf 92' lang='lat' dir='ltr'>enim</span> <span class='ocrx_word' id='word_1_207' title='bbox 335 2531 379 2594; x_wconf 91' lang='lat' dir='ltr'>sic</span> <span class='ocrx_word' id='word_1_208' title='bbox 400 2529 572 2611; x_wconf 84' lang='lat' dir='ltr'>placuisset</span> <span class='ocrx_word' id='word_1_209' title='bbox 593 2527 654 2592; x_wconf 92' lang='lat' dir='ltr'>diis</span> <span class='ocrx_word' id='word_1_210' title='bbox 674 2533 770 2611; x_wconf 86' lang='lat' dir='ltr'>atque</span> <span class='ocrx_word' id='word_1_211' title='bbox 786 2528 896 2592; x_wconf 85' lang='lat' dir='ltr'>virtuti</span> <span class='ocrx_word' id='word_1_212' title='bbox 913 2526 1031 2602; x_wconf 83' lang='lat' dir='ltr'>Aiacis,</span> <span class='ocrx_word' id='word_1_213' title='bbox 1053 2531 1089 2590; x_wconf 91' lang='lat' dir='ltr'>ut</span> <span class='ocrx_word' id='word_1_214' title='bbox 1110 2525 1144 2589; x_wconf 94' lang='lat' dir='ltr'>in</span> <span class='ocrx_word' id='word_1_215' title='bbox 1166 2525 1349 2590; x_wconf 81' lang='lat' dir='ltr'>servitutem</span> <span class='ocrx_word' id='word_1_216' title='bbox 1370 2525 1504 2607; x_wconf 89' lang='lat' dir='ltr'>abrepta</span> <span class='ocrx_word' id='word_1_217' title='bbox 1519 2531 1615 2603; x_wconf 90' lang='lat' dir='ltr'>esset,</span> <span class='ocrx_word' id='word_1_218' title='bbox 1637 2524 1784 2608; x_wconf 91' lang='lat' dir='ltr'>iniquum</span> <span class='ocrx_word' id='word_1_219' title='bbox 1804 2524 1905 2590; x_wconf 84' lang='lat' dir='ltr'>fuisse·</span> 
     </span>
     <span class='ocr_line' id='line_1_19' title="bbox 231 2630 1897 2714; baseline 0.002 -18"><span class='ocrx_word' id='word_1_220' title='bbox 231 2631 375 2697; x_wconf 86' lang='lat' dir='ltr'>futurum</span> <span class='ocrx_word' id='word_1_221' title='bbox 397 2632 424 2696; x_wconf 92' lang='lat' dir='ltr'>si</span> <span class='ocrx_word' id='word_1_222' title='bbox 446 2632 548 2695; x_wconf 81' lang='lat' dir='ltr'>fatum</span> <span class='ocrx_word' id='word_1_223' title='bbox 570 2630 676 2696; x_wconf 91' lang='lat' dir='ltr'>subire</span> <span class='ocrx_word' id='word_1_224' title='bbox 696 2632 910 2696; x_wconf 80' lang='lat' dir='ltr'>recusavisset.</span> <span class='ocrx_word' id='word_1_225' title='bbox 951 2631 1032 2697; x_wconf 90' lang='lat' dir='ltr'>Nam</span> <span class='ocrx_word' id='word_1_226' title='bbox 1053 2637 1219 2714; x_wconf 90' lang='lat' dir='ltr'>postquam</span> <span class='ocrx_word' id='word_1_227' title='bbox 1235 2633 1341 2698; x_wconf 90' lang='lat' dir='ltr'>Aiacis</span> <span class='ocrx_word' id='word_1_228' title='bbox 1360 2633 1453 2697; x_wconf 89' lang='lat' dir='ltr'>hasta</span> <span class='ocrx_word' id='word_1_229' title='bbox 1473 2633 1612 2714; x_wconf 89' lang='lat' dir='ltr'>patriam</span> <span class='ocrx_word' id='word_1_230' title='bbox 1631 2631 1813 2711; x_wconf 88' lang='lat' dir='ltr'>delevisset,</span> <span class='ocrx_word' id='word_1_231' title='bbox 1834 2654 1897 2699; x_wconf 87' lang='lat' dir='ltr'>ma·</span> 
     </span>
     <span class='ocr_line' id='line_1_20' title="bbox 230 2735 1900 2820; baseline 0 -19"><span class='ocrx_word' id='word_1_232' title='bbox 230 2743 314 2802; x_wconf 92' lang='lat' dir='ltr'>trem</span> <span class='ocrx_word' id='word_1_233' title='bbox 330 2743 436 2802; x_wconf 92' lang='lat' dir='ltr'>autem</span> <span class='ocrx_word' id='word_1_234' title='bbox 449 2742 634 2820; x_wconf 90' lang='lat' dir='ltr'>patremque</span> <span class='ocrx_word' id='word_1_235' title='bbox 651 2757 718 2801; x_wconf 90' lang='lat' dir='ltr'>sors</span> <span class='ocrx_word' id='word_1_236' title='bbox 731 2737 954 2819; x_wconf 83' lang='lat' dir='ltr'>comipuisset,</span> <span class='ocrx_word' id='word_1_237' title='bbox 975 2737 1058 2801; x_wconf 93' lang='lat' dir='ltr'>nihil</span> <span class='ocrx_word' id='word_1_238' title='bbox 1072 2737 1133 2801; x_wconf 92' lang='lat' dir='ltr'>sibi</span> <span class='ocrx_word' id='word_1_239' title='bbox 1148 2736 1305 2819; x_wconf 90' lang='lat' dir='ltr'>reliquum</span> <span class='ocrx_word' id='word_1_240' title='bbox 1321 2735 1417 2800; x_wconf 79' lang='lat' dir='ltr'>finisse</span> <span class='ocrx_word' id='word_1_241' title='bbox 1431 2757 1494 2818; x_wconf 92' lang='lat' dir='ltr'>quo</span> <span class='ocrx_word' id='word_1_242' title='bbox 1514 2736 1676 2813; x_wconf 90' lang='lat' dir='ltr'>niteretur,</span> <span class='ocrx_word' id='word_1_243' title='bbox 1698 2737 1761 2800; x_wconf 92' lang='lat' dir='ltr'>nisi</span> <span class='ocrx_word' id='word_1_244' title='bbox 1782 2757 1900 2801; x_wconf 79' lang='lat' dir='ltr'>novum</span> 
     </span>
     <span class='ocr_line' id='line_1_21' title="bbox 229 2837 1899 2922; baseline 0.002 -20"><span class='ocrx_word' id='word_1_245' title='bbox 229 2837 393 2903; x_wconf 89' lang='lat' dir='ltr'>dominum</span> <span class='ocrx_word' id='word_1_246' title='bbox 413 2838 469 2922; x_wconf 92' lang='lat' dir='ltr'>qui</span> <span class='ocrx_word' id='word_1_247' title='bbox 491 2837 551 2903; x_wconf 93' lang='lat' dir='ltr'>sibi</span> <span class='ocrx_word' id='word_1_248' title='bbox 570 2860 629 2921; x_wconf 92' lang='lat' dir='ltr'>pro</span> <span class='ocrx_word' id='word_1_249' title='bbox 649 2840 756 2921; x_wconf 87' lang='lat' dir='ltr'>patria</span> <span class='ocrx_word' id='word_1_250' title='bbox 776 2840 899 2916; x_wconf 84' lang='lat' dir='ltr'>fuisset,</span> <span class='ocrx_word' id='word_1_251' title='bbox 922 2841 1026 2906; x_wconf 88' lang='lat' dir='ltr'>nullas</span> <span class='ocrx_word' id='word_1_252' title='bbox 1046 2841 1189 2917; x_wconf 84' lang='lat' dir='ltr'>divitias,</span> <span class='ocrx_word' id='word_1_253' title='bbox 1209 2841 1271 2906; x_wconf 88' lang='lat' dir='ltr'>nisi</span> <span class='ocrx_word' id='word_1_254' title='bbox 1292 2840 1326 2904; x_wconf 93' lang='lat' dir='ltr'>in</span> <span class='ocrx_word' id='word_1_255' title='bbox 1346 2841 1441 2906; x_wconf 86' lang='lat' dir='ltr'>Aiace</span> <span class='ocrx_word' id='word_1_256' title='bbox 1463 2845 1563 2906; x_wconf 84' lang='lat' dir='ltr'>totam</span> <span class='ocrx_word' id='word_1_257' title='bbox 1584 2842 1742 2922; x_wconf 87' lang='lat' dir='ltr'>posuisset</span> <span class='ocrx_word' id='word_1_258' title='bbox 1762 2841 1899 2908; x_wconf 88' lang='lat' dir='ltr'>salutem</span> 
     </span>
     <span class='ocr_line' id='line_1_22' title="bbox 227 2941 1898 3028; baseline 0.002 -23"><span class='ocrx_word' id='word_1_259' title='bbox 227 2941 317 3025; x_wconf 84' lang='lat' dir='ltr'>(ibid.</span> <span class='ocrx_word' id='word_1_260' title='bbox 342 2964 369 3010; x_wconf 87' lang='lat' dir='ltr'>v.</span> <span class='ocrx_word' id='word_1_261' title='bbox 392 2944 455 3009; x_wconf 86' lang='grc'>485</span> <span class='ocrx_word' id='word_1_262' title='bbox 478 2942 570 3028; x_wconf 85' lang='lat' dir='ltr'>sqq).</span> <span class='ocrx_word' id='word_1_263' title='bbox 612 2943 697 3020; x_wconf 85' lang='lat' dir='ltr'>Quas</span> <span class='ocrx_word' id='word_1_264' title='bbox 719 2943 849 3026; x_wconf 87' lang='lat' dir='ltr'>quidem</span> <span class='ocrx_word' id='word_1_265' title='bbox 870 2945 1044 3010; x_wconf 85' lang='lat' dir='ltr'>sententias</span> <span class='ocrx_word' id='word_1_266' title='bbox 1067 2966 1107 3010; x_wconf 87' lang='lat' dir='ltr'>ex</span> <span class='ocrx_word' id='word_1_267' title='bbox 1128 2944 1241 3009; x_wconf 91' lang='lat' dir='ltr'>intimo</span> <span class='ocrx_word' id='word_1_268' title='bbox 1262 2944 1454 3009; x_wconf 89' lang='lat' dir='ltr'>Graecorum</span> <span class='ocrx_word' id='word_1_269' title='bbox 1475 2942 1604 3026; x_wconf 89' lang='lat' dir='ltr'>ingenio</span> <span class='ocrx_word' id='word_1_270' title='bbox 1624 2942 1796 3024; x_wconf 90' lang='lat' dir='ltr'>protulisse</span> <span class='ocrx_word' id='word_1_271' title='bbox 1818 2943 1898 3008; x_wconf 90' lang='lat' dir='ltr'>mihi</span> 
     </span>
     <span class='ocr_line' id='line_1_23' title="bbox 227 3046 1896 3134; baseline 0.002 -22"><span class='ocrx_word' id='word_1_272' title='bbox 227 3047 353 3113; x_wconf 84' lang='lat' dir='ltr'>videtur</span> <span class='ocrx_word' id='word_1_273' title='bbox 373 3047 561 3113; x_wconf 86' lang='lat' dir='ltr'>Tecumessa</span> <span class='ocrx_word' id='word_1_274' title='bbox 587 3046 775 3129; x_wconf 86' lang='lat' dir='ltr'>Sophoclea,</span> <span class='ocrx_word' id='word_1_275' title='bbox 805 3069 888 3131; x_wconf 90' lang='lat' dir='ltr'>quae</span> <span class='ocrx_word' id='word_1_276' title='bbox 910 3049 1041 3117; x_wconf 90' lang='lat' dir='ltr'>deorum</span> <span class='ocrx_word' id='word_1_277' title='bbox 1063 3053 1257 3118; x_wconf 85' lang='lat' dir='ltr'>voluntatem</span> <span class='ocrx_word' id='word_1_278' title='bbox 1277 3052 1415 3117; x_wconf 91' lang='lat' dir='ltr'>reverita</span> <span class='ocrx_word' id='word_1_279' title='bbox 1436 3051 1573 3116; x_wconf 86' lang='lat' dir='ltr'>femineo</span> <span class='ocrx_word' id='word_1_280' title='bbox 1595 3050 1748 3133; x_wconf 88' lang='lat' dir='ltr'>obsequio</span> <span class='ocrx_word' id='word_1_281' title='bbox 1771 3051 1896 3134; x_wconf 82' lang='lat' dir='ltr'>piaque,</span> 
     </span>
     <span class='ocr_line' id='line_1_24' title="bbox 226 3148 1894 3240; baseline 0.005 -28"><span class='ocrx_word' id='word_1_282' title='bbox 226 3154 263 3212; x_wconf 88' lang='lat' dir='ltr'>ut</span> <span class='ocrx_word' id='word_1_283' title='bbox 281 3149 329 3213; x_wconf 87' lang='lat' dir='ltr'>ita</span> <span class='ocrx_word' id='word_1_284' title='bbox 350 3148 468 3226; x_wconf 88' lang='lat' dir='ltr'>dicam,</span> <span class='ocrx_word' id='word_1_285' title='bbox 490 3148 656 3216; x_wconf 84' lang='lat' dir='ltr'>deuotione</span> <span class='ocrx_word' id='word_1_286' title='bbox 678 3152 762 3216; x_wconf 86' lang='lat' dir='ltr'>ritae</span> <span class='ocrx_word' id='word_1_287' title='bbox 784 3152 1017 3222; x_wconf 80' lang='lat' dir='ltr'>vicissitudines</span> <span class='ocrx_word' id='word_1_288' title='bbox 1040 3157 1172 3240; x_wconf 89' lang='lat' dir='ltr'>pertulit</span> <span class='ocrx_word' id='word_1_289' title='bbox 1193 3159 1226 3219; x_wconf 91' lang='lat' dir='ltr'>et</span> <span class='ocrx_word' id='word_1_290' title='bbox 1242 3175 1262 3219; x_wconf 89' lang='lat' dir='ltr'>a</span> <span class='ocrx_word' id='word_1_291' title='bbox 1277 3154 1343 3219; x_wconf 83' lang='lat' dir='ltr'>fata</span> <span class='ocrx_word' id='word_1_292' title='bbox 1359 3154 1533 3235; x_wconf 89' lang='lat' dir='ltr'>inpositum</span> <span class='ocrx_word' id='word_1_293' title='bbox 1550 3153 1712 3219; x_wconf 92' lang='lat' dir='ltr'>dominum</span> <span class='ocrx_word' id='word_1_294' title='bbox 1728 3156 1894 3221; x_wconf 91' lang='lat' dir='ltr'>maritum·</span> 
     </span>
     <span class='ocr_line' id='line_1_25' title="bbox 226 3246 1897 3344; baseline 0.007 -29"><span class='ocrx_word' id='word_1_295' title='bbox 226 3272 288 3334; x_wconf 87' lang='lat' dir='ltr'>que</span> <span class='ocrx_word' id='word_1_296' title='bbox 311 3251 470 3317; x_wconf 84' lang='lat' dir='ltr'>adamarit</span> <span class='ocrx_word' id='word_1_297' title='bbox 491 3246 547 3328; x_wconf 79' lang='grc' dir='ltr'>(εὖ</span> <span class='ocrx_word' id='word_1_298' title='bbox 568 3257 683 3339; x_wconf 81' lang='grc' dir='ltr'><strong><em>φρονῶ</em></strong></span> <span class='ocrx_word' id='word_1_299' title='bbox 703 3253 745 3318; x_wconf 81' lang='grc' dir='ltr'>τὰ</span> <span class='ocrx_word' id='word_1_300' title='bbox 766 3252 826 3331; x_wconf 82' lang='grc' dir='ltr'>σά,</span> <span class='ocrx_word' id='word_1_301' title='bbox 856 3278 883 3324; x_wconf 76' lang='lat' dir='ltr'>a.</span> <span class='ocrx_word' id='word_1_302' title='bbox 907 3263 967 3323; x_wconf 82' lang='grc'>491</span> <span class='ocrx_word' id='word_1_303' title='bbox 992 3261 1065 3343; x_wconf 81' lang='lat' dir='ltr'>sq),</span> <span class='ocrx_word' id='word_1_304' title='bbox 1095 3280 1197 3343; x_wconf 90' lang='lat' dir='ltr'>neque</span> <span class='ocrx_word' id='word_1_305' title='bbox 1219 3258 1329 3322; x_wconf 90' lang='lat' dir='ltr'>mortis</span> <span class='ocrx_word' id='word_1_306' title='bbox 1351 3257 1509 3323; x_wconf 87' lang='lat' dir='ltr'>desiderio</span> <span class='ocrx_word' id='word_1_307' title='bbox 1531 3256 1641 3324; x_wconf 89' lang='lat' dir='ltr'>dedita</span> <span class='ocrx_word' id='word_1_308' title='bbox 1662 3279 1700 3324; x_wconf 90' lang='lat' dir='ltr'>eo</span> <span class='ocrx_word' id='word_1_309' title='bbox 1726 3279 1897 3344; x_wconf 87' lang='lat' dir='ltr'>progressa</span> 
     </span>
     <span class='ocr_line' id='line_1_26' title="bbox 227 3353 1897 3442; baseline 0.008 -26"><span class='ocrx_word' id='word_1_310' title='bbox 227 3358 289 3428; x_wconf 89' lang='lat' dir='ltr'>est,</span> <span class='ocrx_word' id='word_1_311' title='bbox 315 3357 352 3416; x_wconf 90' lang='lat' dir='ltr'>ut</span> <span class='ocrx_word' id='word_1_312' title='bbox 371 3373 408 3418; x_wconf 91' lang='lat' dir='ltr'>re</span> <span class='ocrx_word' id='word_1_313' title='bbox 429 3374 505 3419; x_wconf 85' lang='lat' dir='ltr'>vera</span> <span class='ocrx_word' id='word_1_314' title='bbox 530 3353 569 3420; x_wconf 92' lang='lat' dir='ltr'>de</span> <span class='ocrx_word' id='word_1_315' title='bbox 598 3356 663 3420; x_wconf 89' lang='lat' dir='ltr'>vita</span> <span class='ocrx_word' id='word_1_316' title='bbox 690 3355 843 3422; x_wconf 90' lang='lat' dir='ltr'>decedere</span> <span class='ocrx_word' id='word_1_317' title='bbox 872 3363 1006 3439; x_wconf 90' lang='lat' dir='ltr'>optaret.</span> <span class='ocrx_word' id='word_1_318' title='bbox 1057 3361 1140 3426; x_wconf 90' lang='lat' dir='ltr'>Nam</span> <span class='ocrx_word' id='word_1_319' title='bbox 1161 3358 1188 3422; x_wconf 91' lang='lat' dir='ltr'>si</span> <span class='ocrx_word' id='word_1_320' title='bbox 1208 3381 1235 3423; x_wconf 88' lang='lat' dir='ltr'>v.</span> <span class='ocrx_word' id='word_1_321' title='bbox 1260 3364 1320 3425; x_wconf 76' lang='lat'>392</span> <span class='ocrx_word' id='word_1_322' title='bbox 1343 3381 1388 3442; x_wconf 92' lang='lat' dir='ltr'>sq.</span> <span class='ocrx_word' id='word_1_323' title='bbox 1416 3361 1482 3425; x_wconf 91' lang='lat' dir='ltr'>acri</span> <span class='ocrx_word' id='word_1_324' title='bbox 1503 3359 1612 3426; x_wconf 90' lang='lat' dir='ltr'>dolore</span> <span class='ocrx_word' id='word_1_325' title='bbox 1632 3362 1791 3428; x_wconf 87' lang='lat' dir='ltr'>concitata</span> <span class='ocrx_word' id='word_1_326' title='bbox 1812 3364 1897 3431; x_wconf 92' lang='lat' dir='ltr'>haec</span> 
     </span>
     <span class='ocr_line' id='line_1_27' title="bbox 228 3452 1894 3550; baseline 0.011 -35"><span class='ocrx_word' id='word_1_327' title='bbox 228 3452 357 3535; x_wconf 86' lang='lat' dir='ltr'>quidem</span> <span class='ocrx_word' id='word_1_328' title='bbox 386 3453 483 3519; x_wconf 87' lang='lat' dir='ltr'>dixit:</span> <span class='ocrx_word' id='word_1_329' title='bbox 514 3452 595 3520; x_wconf 76' lang='grc' dir='ltr'><strong><em>ὅταν</em></strong></span> <span class='ocrx_word' id='word_1_330' title='bbox 623 3454 765 3545; x_wconf 74' lang='grc' dir='ltr'><strong><em>κατεύχῃ</em></strong></span> <span class='ocrx_word' id='word_1_331' title='bbox 795 3457 903 3538; x_wconf 74' lang='grc' dir='ltr'><strong><em>ταῦθ’,</em></strong></span> <span class='ocrx_word' id='word_1_332' title='bbox 935 3456 1022 3543; x_wconf 81' lang='grc' dir='ltr'>ὁμοῦ</span> <span class='ocrx_word' id='word_1_333' title='bbox 1049 3456 1150 3544; x_wconf 73' lang='grc' dir='ltr'><strong><em>κάμοί</em></strong></span> <span class='ocrx_word' id='word_1_334' title='bbox 1179 3465 1296 3525; x_wconf 77' lang='grc' dir='ltr'><strong><em>θανεῖν</em></strong></span> <span class='ocrx_word' id='word_1_335' title='bbox 1324 3455 1429 3540; x_wconf 74' lang='grc' dir='ltr'><strong><em>είίχαυ·</em></strong></span> <span class='ocrx_word' id='word_1_336' title='bbox 1451 3458 1486 3528; x_wconf 82' lang='grc' dir='ltr'>τί</span> <span class='ocrx_word' id='word_1_337' title='bbox 1515 3461 1577 3550; x_wconf 80' lang='grc' dir='ltr'>χᾶρ</span> <span class='ocrx_word' id='word_1_338' title='bbox 1607 3463 1658 3528; x_wconf 83' lang='grc' dir='ltr'>δεῖ</span> <span class='ocrx_word' id='word_1_339' title='bbox 1687 3463 1744 3550; x_wconf 80' lang='grc' dir='ltr'>ζῆν</span> <span class='ocrx_word' id='word_1_340' title='bbox 1765 3490 1809 3543; x_wconf 84' lang='grc' dir='ltr'>με</span> <span class='ocrx_word' id='word_1_341' title='bbox 1833 3471 1894 3534; x_wconf 81' lang='grc' dir='ltr'>σοῦ</span> 
     </span>
     <span class='ocr_line' id='line_1_28' title="bbox 228 3557 1894 3652; baseline 0.01 -31"><span class='ocrx_word' id='word_1_342' title='bbox 228 3557 450 3642; x_wconf 74' lang='grc' dir='ltr'><strong><em>τεθνηκότος;</em></strong></span> <span class='ocrx_word' id='word_1_343' title='bbox 473 3561 634 3644; x_wconf 89' lang='lat' dir='ltr'>patienter</span> <span class='ocrx_word' id='word_1_344' title='bbox 658 3569 765 3631; x_wconf 90' lang='lat' dir='ltr'>tamen</span> <span class='ocrx_word' id='word_1_345' title='bbox 787 3572 921 3632; x_wconf 89' lang='lat' dir='ltr'>mortem</span> <span class='ocrx_word' id='word_1_346' title='bbox 943 3568 1048 3633; x_wconf 88' lang='lat' dir='ltr'>Aiacis</span> <span class='ocrx_word' id='word_1_347' title='bbox 1074 3570 1298 3651; x_wconf 82' lang='lat' dir='ltr'>ingentemque</span> <span class='ocrx_word' id='word_1_348' title='bbox 1320 3565 1468 3631; x_wconf 81' lang='lat' dir='ltr'>tolerarit</span> <span class='ocrx_word' id='word_1_349' title='bbox 1489 3565 1645 3646; x_wconf 91' lang='lat' dir='ltr'>dolorem,</span> <span class='ocrx_word' id='word_1_350' title='bbox 1674 3589 1779 3652; x_wconf 88' lang='lat' dir='ltr'>neque</span> <span class='ocrx_word' id='word_1_351' title='bbox 1801 3575 1894 3636; x_wconf 88' lang='lat' dir='ltr'>tanto</span> 
     </span>
     <span class='ocr_line' id='line_1_29' title="bbox 227 3661 1894 3754; baseline 0.01 -31"><span class='ocrx_word' id='word_1_352' title='bbox 227 3661 388 3726; x_wconf 87' lang='lat' dir='ltr'>servitutis</span> <span class='ocrx_word' id='word_1_353' title='bbox 408 3663 497 3748; x_wconf 87' lang='lat' dir='ltr'>iugo,</span> <span class='ocrx_word' id='word_1_354' title='bbox 524 3673 678 3749; x_wconf 92' lang='lat' dir='ltr'>quantum</span> <span class='ocrx_word' id='word_1_355' title='bbox 700 3668 906 3750; x_wconf 90' lang='lat' dir='ltr'>inpendebat,</span> <span class='ocrx_word' id='word_1_356' title='bbox 927 3671 1106 3754; x_wconf 89' lang='lat' dir='ltr'>talibusque</span> <span class='ocrx_word' id='word_1_357' title='bbox 1127 3668 1322 3746; x_wconf 81' lang='lat' dir='ltr'>custodibus,</span> <span class='ocrx_word' id='word_1_358' title='bbox 1345 3669 1454 3752; x_wconf 85' lang='lat' dir='ltr'>quales</span> <span class='ocrx_word' id='word_1_359' title='bbox 1473 3674 1566 3735; x_wconf 89' lang='lat' dir='ltr'>erant</span> <span class='ocrx_word' id='word_1_360' title='bbox 1586 3669 1730 3737; x_wconf 89' lang='lat' dir='ltr'>crudeles</span> <span class='ocrx_word' id='word_1_361' title='bbox 1750 3673 1894 3753; x_wconf 86' lang='lat' dir='ltr'>Atridae,</span> 
     </span>
     <span class='ocr_line' id='line_1_30' title="bbox 225 3765 1896 3860; baseline 0.012 -34"><span class='ocrx_word' id='word_1_362' title='bbox 225 3767 384 3827; x_wconf 88' lang='lat' dir='ltr'>commota</span> <span class='ocrx_word' id='word_1_363' title='bbox 402 3769 463 3841; x_wconf 88' lang='lat' dir='ltr'>est,</span> <span class='ocrx_word' id='word_1_364' title='bbox 482 3770 519 3828; x_wconf 88' lang='lat' dir='ltr'>ut</span> <span class='ocrx_word' id='word_1_365' title='bbox 540 3769 650 3831; x_wconf 91' lang='lat' dir='ltr'>contra</span> <span class='ocrx_word' id='word_1_366' title='bbox 672 3765 803 3833; x_wconf 89' lang='lat' dir='ltr'>deorum</span> <span class='ocrx_word' id='word_1_367' title='bbox 824 3769 1020 3836; x_wconf 83' lang='lat' dir='ltr'>voluntatem</span> <span class='ocrx_word' id='word_1_368' title='bbox 1038 3777 1231 3855; x_wconf 89' lang='lat' dir='ltr'>repugnaret</span> <span class='ocrx_word' id='word_1_369' title='bbox 1252 3777 1285 3836; x_wconf 88' lang='lat' dir='ltr'>et</span> <span class='ocrx_word' id='word_1_370' title='bbox 1306 3772 1403 3836; x_wconf 87' lang='lat' dir='ltr'>vitam</span> <span class='ocrx_word' id='word_1_371' title='bbox 1423 3771 1484 3837; x_wconf 92' lang='lat' dir='ltr'>sibi</span> <span class='ocrx_word' id='word_1_372' title='bbox 1498 3772 1626 3857; x_wconf 90' lang='lat' dir='ltr'>filioque</span> <span class='ocrx_word' id='word_1_373' title='bbox 1643 3775 1784 3856; x_wconf 89' lang='lat' dir='ltr'>eriperet</span> <span class='ocrx_word' id='word_1_374' title='bbox 1799 3777 1896 3860; x_wconf 83' lang='lat' dir='ltr'>(ibid.</span> 
     </span>
     <span class='ocr_line' id='line_1_31' title="bbox 223 3867 1893 3959; baseline 0.01 -32"><span class='ocrx_word' id='word_1_375' title='bbox 223 3884 251 3928; x_wconf 80' lang='lat' dir='ltr'>v.</span> <span class='ocrx_word' id='word_1_376' title='bbox 274 3869 337 3929; x_wconf 90' lang='grc'>944</span> <span class='ocrx_word' id='word_1_377' title='bbox 357 3883 402 3948; x_wconf 90' lang='lat' dir='ltr'>sq.</span> <span class='ocrx_word' id='word_1_378' title='bbox 424 3869 485 3932; x_wconf 91' lang='grc'>950</span> <span class='ocrx_word' id='word_1_379' title='bbox 506 3867 574 3950; x_wconf 70' lang='lat' dir='ltr'>sql.</span> <span class='ocrx_word' id='word_1_380' title='bbox 615 3868 725 3953; x_wconf 86' lang='lat' dir='ltr'>Neque</span> <span class='ocrx_word' id='word_1_381' title='bbox 747 3872 831 3936; x_wconf 90' lang='lat' dir='ltr'>enim</span> <span class='ocrx_word' id='word_1_382' title='bbox 853 3893 981 3954; x_wconf 90' lang='lat' dir='ltr'>prorsus</span> <span class='ocrx_word' id='word_1_383' title='bbox 1002 3892 1114 3953; x_wconf 87' lang='lat' dir='ltr'>exspes</span> <span class='ocrx_word' id='word_1_384' title='bbox 1135 3877 1205 3936; x_wconf 90' lang='lat' dir='ltr'>erat</span> <span class='ocrx_word' id='word_1_385' title='bbox 1224 3871 1424 3936; x_wconf 87' lang='lat' dir='ltr'>Tecumessa:</span> <span class='ocrx_word' id='word_1_386' title='bbox 1447 3873 1577 3937; x_wconf 91' lang='lat' dir='ltr'>namin</span> <span class='ocrx_word' id='word_1_387' title='bbox 1598 3875 1658 3939; x_wconf 89' lang='lat' dir='ltr'>hoc</span> <span class='ocrx_word' id='word_1_388' title='bbox 1680 3875 1792 3942; x_wconf 88' lang='lat' dir='ltr'>eodem</span> <span class='ocrx_word' id='word_1_389' title='bbox 1813 3878 1893 3959; x_wconf 89' lang='lat' dir='ltr'>filio,</span> 
     </span>
     <span class='ocr_line' id='line_1_32' title="bbox 223 3965 1894 4064; baseline 0.012 -35"><span class='ocrx_word' id='word_1_390' title='bbox 223 3965 279 4048; x_wconf 93' lang='lat' dir='ltr'>qui</span> <span class='ocrx_word' id='word_1_391' title='bbox 302 3969 370 4029; x_wconf 90' lang='lat' dir='ltr'>tum</span> <span class='ocrx_word' id='word_1_392' title='bbox 392 3965 474 4029; x_wconf 92' lang='lat' dir='ltr'>nihil</span> <span class='ocrx_word' id='word_1_393' title='bbox 495 3967 634 4033; x_wconf 89' lang='lat' dir='ltr'>sentiens</span> <span class='ocrx_word' id='word_1_394' title='bbox 656 3969 838 4037; x_wconf 89' lang='lat' dir='ltr'>dulcissima</span> <span class='ocrx_word' id='word_1_395' title='bbox 858 3972 1023 4039; x_wconf 84' lang='lat' dir='ltr'>fruebatur</span> <span class='ocrx_word' id='word_1_396' title='bbox 1045 3976 1123 4053; x_wconf 85' lang='lat' dir='ltr'>vita,</span> <span class='ocrx_word' id='word_1_397' title='bbox 1144 3996 1249 4041; x_wconf 94' lang='lat' dir='ltr'>nonne</span> <span class='ocrx_word' id='word_1_398' title='bbox 1271 3997 1386 4060; x_wconf 88' lang='lat' dir='ltr'>magna</span> <span class='ocrx_word' id='word_1_399' title='bbox 1406 3976 1543 4042; x_wconf 85' lang='lat' dir='ltr'>infelicis</span> <span class='ocrx_word' id='word_1_400' title='bbox 1557 3978 1669 4043; x_wconf 88' lang='lat' dir='ltr'>matris</span> <span class='ocrx_word' id='word_1_401' title='bbox 1689 3999 1763 4062; x_wconf 88' lang='lat' dir='ltr'>spes</span> <span class='ocrx_word' id='word_1_402' title='bbox 1784 3984 1894 4064; x_wconf 85' lang='lat' dir='ltr'>posita</span> 
     </span>
     <span class='ocr_line' id='line_1_33' title="bbox 223 4068 1890 4168; baseline 0.011 -35"><span class='ocrx_word' id='word_1_403' title='bbox 223 4072 313 4133; x_wconf 80' lang='lat' dir='ltr'>erat?</span> <span class='ocrx_word' id='word_1_404' title='bbox 335 4088 431 4152; x_wconf 88' lang='lat' dir='ltr'>quem</span> <span class='ocrx_word' id='word_1_405' title='bbox 452 4068 520 4150; x_wconf 90' lang='lat' dir='ltr'>ipse</span> <span class='ocrx_word' id='word_1_406' title='bbox 544 4070 625 4136; x_wconf 81' lang='lat' dir='ltr'>Aiax</span> <span class='ocrx_word' id='word_1_407' title='bbox 645 4073 737 4138; x_wconf 87' lang='lat' dir='ltr'>iussit</span> <span class='ocrx_word' id='word_1_408' title='bbox 757 4097 785 4139; x_wconf 88' lang='lat' dir='ltr'>v.</span> <span class='ocrx_word' id='word_1_409' title='bbox 809 4079 870 4143; x_wconf 88' lang='grc'>558</span> <span class='ocrx_word' id='word_1_410' title='bbox 895 4074 1036 4162; x_wconf 83' lang='grc' dir='ltr'><strong><em>κούφοις</em></strong></span> <span class='ocrx_word' id='word_1_411' title='bbox 1059 4075 1243 4159; x_wconf 81' lang='grc' dir='ltr'><strong><em>πνεύμασιν</em></strong></span> <span class='ocrx_word' id='word_1_412' title='bbox 1264 4076 1468 4159; x_wconf 76' lang='grc' dir='ltr'><strong><em>βόσκεσθαι,</em></strong></span> <span class='ocrx_word' id='word_1_413' title='bbox 1492 4082 1570 4145; x_wconf 84' lang='grc' dir='ltr'><strong><em>νέαν</em></strong></span> <span class='ocrx_word' id='word_1_414' title='bbox 1592 4080 1700 4168; x_wconf 78' lang='grc' dir='ltr'><strong><em>ψεχῆν</em></strong></span> <span class='ocrx_word' id='word_1_415' title='bbox 1722 4077 1890 4164; x_wconf 74' lang='grc' dir='ltr'><strong><em>ἀτάλλων,</em></strong></span> 
     </span>
     <span class='ocr_line' id='line_1_34' title="bbox 221 4168 1890 4267; baseline 0.013 -34"><span class='ocrx_word' id='word_1_416' title='bbox 221 4168 321 4256; x_wconf 78' lang='grc' dir='ltr'><strong><em>μητρὶ</em></strong></span> <span class='ocrx_word' id='word_1_417' title='bbox 349 4171 428 4258; x_wconf 79' lang='grc' dir='ltr'><strong><em>τῇδε</em></strong></span> <span class='ocrx_word' id='word_1_418' title='bbox 454 4172 631 4260; x_wconf 83' lang='grc' dir='ltr'><strong><em>χαρμονήν,</em></strong></span> <span class='ocrx_word' id='word_1_419' title='bbox 661 4175 737 4240; x_wconf 92' lang='lat' dir='ltr'>dum</span> <span class='ocrx_word' id='word_1_420' title='bbox 758 4183 883 4261; x_wconf 90' lang='lat' dir='ltr'>tempus</span> <span class='ocrx_word' id='word_1_421' title='bbox 901 4181 1050 4256; x_wconf 83' lang='lat' dir='ltr'>uenisset,</span> <span class='ocrx_word' id='word_1_422' title='bbox 1082 4200 1145 4263; x_wconf 91' lang='lat' dir='ltr'>quo</span> <span class='ocrx_word' id='word_1_423' title='bbox 1172 4184 1313 4261; x_wconf 91' lang='lat' dir='ltr'>tempore</span> <span class='ocrx_word' id='word_1_424' title='bbox 1343 4180 1381 4244; x_wconf 85' lang='grc' dir='ltr'>τὸ</span> <span class='ocrx_word' id='word_1_425' title='bbox 1410 4178 1540 4267; x_wconf 85' lang='grc' dir='ltr'><strong><em>χαίρειν</em></strong></span> <span class='ocrx_word' id='word_1_426' title='bbox 1560 4183 1617 4249; x_wconf 85' lang='grc' dir='ltr'>καί</span> <span class='ocrx_word' id='word_1_427' title='bbox 1638 4182 1677 4248; x_wconf 81' lang='grc' dir='ltr'>τὸ</span> <span class='ocrx_word' id='word_1_428' title='bbox 1699 4184 1890 4254; x_wconf 72' lang='grc' dir='ltr'><strong><em>λυπεῖσθαι</em></strong></span> 
     </span>
     <span class='ocr_line' id='line_1_35' title="bbox 164 4270 1891 4376; baseline 0.016 -43"><span class='ocrx_word' id='word_1_429' title='bbox 164 4337 171 4347; x_wconf 61' lang='lat'>‚</span> <span class='ocrx_word' id='word_1_430' title='bbox 223 4270 386 4340; x_wconf 89' lang='lat' dir='ltr'>didicisset</span> <span class='ocrx_word' id='word_1_431' title='bbox 407 4280 441 4340; x_wconf 91' lang='lat' dir='ltr'>et</span> <span class='ocrx_word' id='word_1_432' title='bbox 470 4274 573 4340; x_wconf 90' lang='lat' dir='ltr'>iratus</span> <span class='ocrx_word' id='word_1_433' title='bbox 594 4276 732 4343; x_wconf 93' lang='lat' dir='ltr'>inimicis</span> <span class='ocrx_word' id='word_1_434' title='bbox 753 4286 883 4362; x_wconf 87' lang='lat' dir='ltr'>propter</span> <span class='ocrx_word' id='word_1_435' title='bbox 903 4282 1109 4366; x_wconf 83' lang='lat' dir='ltr'>ignominiam</span> <span class='ocrx_word' id='word_1_436' title='bbox 1129 4283 1213 4368; x_wconf 85' lang='lat' dir='ltr'>patri</span> <span class='ocrx_word' id='word_1_437' title='bbox 1235 4282 1368 4348; x_wconf 88' lang='lat' dir='ltr'>inlatam</span> <span class='ocrx_word' id='word_1_438' title='bbox 1390 4284 1584 4364; x_wconf 89' lang='lat' dir='ltr'>ostenderet,</span> <span class='ocrx_word' id='word_1_439' title='bbox 1610 4287 1713 4371; x_wconf 87' lang='lat' dir='ltr'>qualis</span> <span class='ocrx_word' id='word_1_440' title='bbox 1736 4309 1777 4354; x_wconf 87' lang='lat' dir='ltr'>ex</span> <span class='ocrx_word' id='word_1_441' title='bbox 1799 4292 1891 4376; x_wconf 84' lang='lat' dir='ltr'>quali</span> 
     </span>
     <span class='ocr_line' id='line_1_36' title="bbox 221 4379 1893 4476; baseline 0.012 -37"><span class='ocrx_word' id='word_1_442' title='bbox 221 4379 312 4456; x_wconf 88' lang='lat' dir='ltr'>patre</span> <span class='ocrx_word' id='word_1_443' title='bbox 333 4383 417 4444; x_wconf 89' lang='lat' dir='ltr'>esset</span> <span class='ocrx_word' id='word_1_444' title='bbox 437 4384 541 4445; x_wconf 90' lang='lat' dir='ltr'>natus.</span> <span class='ocrx_word' id='word_1_445' title='bbox 585 4379 697 4448; x_wconf 90' lang='lat' dir='ltr'>Nonne</span> <span class='ocrx_word' id='word_1_446' title='bbox 720 4383 874 4448; x_wconf 88' lang='lat' dir='ltr'>Teucrum</span> <span class='ocrx_word' id='word_1_447' title='bbox 895 4385 1008 4451; x_wconf 89' lang='lat' dir='ltr'>habuit</span> <span class='ocrx_word' id='word_1_448' title='bbox 1035 4386 1189 4473; x_wconf 81' lang='grc' dir='ltr'><strong><em>πυλωρὸν</em></strong></span> <span class='ocrx_word' id='word_1_449' title='bbox 1212 4384 1370 4470; x_wconf 61' lang='lat' dir='ltr'>palaea?</span> <span class='ocrx_word' id='word_1_450' title='bbox 1413 4386 1525 4453; x_wconf 90' lang='lat' dir='ltr'>Nonne</span> <span class='ocrx_word' id='word_1_451' title='bbox 1546 4389 1721 4474; x_wconf 76' lang='lat' dir='ltr'>Eurysaces</span> <span class='ocrx_word' id='word_1_452' title='bbox 1742 4392 1893 4476; x_wconf 81' lang='lat' dir='ltr'>fortasse,</span> 
     </span>
     <span class='ocr_line' id='line_1_37' title="bbox 221 4475 1887 4581; baseline 0.015 -43"><span class='ocrx_word' id='word_1_453' title='bbox 221 4475 302 4540; x_wconf 89' lang='lat' dir='ltr'>sicut</span> <span class='ocrx_word' id='word_1_454' title='bbox 323 4484 416 4560; x_wconf 86' lang='lat' dir='ltr'>pater</span> <span class='ocrx_word' id='word_1_455' title='bbox 436 4489 506 4548; x_wconf 89' lang='lat' dir='ltr'>erat</span> <span class='ocrx_word' id='word_1_456' title='bbox 526 4489 686 4565; x_wconf 86' lang='lat' dir='ltr'>precatus,</span> <span class='ocrx_word' id='word_1_457' title='bbox 709 4485 833 4552; x_wconf 83' lang='lat' dir='ltr'>felicior</span> <span class='ocrx_word' id='word_1_458' title='bbox 853 4493 945 4570; x_wconf 91' lang='lat' dir='ltr'>patre</span> <span class='ocrx_word' id='word_1_459' title='bbox 967 4489 1041 4567; x_wconf 91' lang='lat' dir='ltr'>erit,</span> <span class='ocrx_word' id='word_1_460' title='bbox 1064 4491 1247 4574; x_wconf 87' lang='lat' dir='ltr'>ceteroquin</span> <span class='ocrx_word' id='word_1_461' title='bbox 1269 4491 1381 4557; x_wconf 90' lang='lat' dir='ltr'>similis</span> <span class='ocrx_word' id='word_1_462' title='bbox 1403 4496 1437 4558; x_wconf 93' lang='lat' dir='ltr'>et</span> <span class='ocrx_word' id='word_1_463' title='bbox 1456 4514 1519 4559; x_wconf 96' lang='lat' dir='ltr'>non</span> <span class='ocrx_word' id='word_1_464' title='bbox 1541 4493 1644 4560; x_wconf 89' lang='lat' dir='ltr'>malus</span> <span class='ocrx_word' id='word_1_465' title='bbox 1665 4496 1756 4581; x_wconf 90' lang='lat' dir='ltr'>(ibid.</span> <span class='ocrx_word' id='word_1_466' title='bbox 1776 4521 1805 4568; x_wconf 84' lang='lat' dir='ltr'>v.</span> <span class='ocrx_word' id='word_1_467' title='bbox 1821 4508 1887 4572; x_wconf 81' lang='lat'>550</span> 
     </span>
     <span class='ocr_line' id='line_1_38' title="bbox 220 4575 1891 4680; baseline 0.015 -35"><span class='ocrx_word' id='word_1_468' title='bbox 220 4575 305 4661; x_wconf 78' lang='lat' dir='ltr'>sq.)?</span> <span class='ocrx_word' id='word_1_469' title='bbox 336 4577 436 4647; x_wconf 91' lang='lat' dir='ltr'>Immo</span> <span class='ocrx_word' id='word_1_470' title='bbox 456 4582 527 4665; x_wconf 91' lang='lat' dir='ltr'>ipsa</span> <span class='ocrx_word' id='word_1_471' title='bbox 548 4585 666 4651; x_wconf 90' lang='lat' dir='ltr'>amoris</span> <span class='ocrx_word' id='word_1_472' title='bbox 686 4587 851 4667; x_wconf 90' lang='lat' dir='ltr'>memoria,</span> <span class='ocrx_word' id='word_1_473' title='bbox 874 4610 937 4674; x_wconf 92' lang='lat' dir='ltr'>quo</span> <span class='ocrx_word' id='word_1_474' title='bbox 958 4587 1176 4656; x_wconf 88' lang='lat' dir='ltr'>Tecumesaam</span> <span class='ocrx_word' id='word_1_475' title='bbox 1196 4593 1338 4659; x_wconf 90' lang='lat' dir='ltr'>coluerat</span> <span class='ocrx_word' id='word_1_476' title='bbox 1359 4592 1454 4674; x_wconf 85' lang='lat' dir='ltr'>Aiax,</span> <span class='ocrx_word' id='word_1_477' title='bbox 1475 4596 1530 4679; x_wconf 90' lang='lat' dir='ltr'>qui</span> <span class='ocrx_word' id='word_1_478' title='bbox 1551 4598 1672 4680; x_wconf 88' lang='lat' dir='ltr'>asperis</span> <span class='ocrx_word' id='word_1_479' title='bbox 1693 4601 1799 4667; x_wconf 88' lang='lat' dir='ltr'>verbis</span> <span class='ocrx_word' id='word_1_480' title='bbox 1820 4625 1891 4672; x_wconf 90' lang='lat' dir='ltr'>nou</span> 
     </span>
     <span class='ocr_line' id='line_1_39' title="bbox 218 4684 1887 4801; baseline 0.019 -56"><span class='ocrx_word' id='word_1_481' title='bbox 218 4701 295 4747; x_wconf 91' lang='lat' dir='ltr'>usus</span> <span class='ocrx_word' id='word_1_482' title='bbox 316 4688 399 4747; x_wconf 86' lang='lat' dir='ltr'>esset</span> <span class='ocrx_word' id='word_1_483' title='bbox 418 4684 624 4769; x_wconf 66' lang='lat' dir='ltr'>(ibidraaa.</span> <span class='ocrx_word' id='word_1_484' title='bbox 647 4696 718 4758; x_wconf 78' lang='lat'><strong>312.</strong></span> <span class='ocrx_word' id='word_1_485' title='bbox 741 4697 812 4759; x_wconf 84' lang='lat'><strong>369.</strong></span> <span class='ocrx_word' id='word_1_486' title='bbox 835 4698 894 4760; x_wconf 89' lang='grc'>591</span> <span class='ocrx_word' id='word_1_487' title='bbox 919 4693 1010 4780; x_wconf 90' lang='lat' dir='ltr'>sqq),</span> <span class='ocrx_word' id='word_1_488' title='bbox 1031 4696 1093 4761; x_wconf 89' lang='lat' dir='ltr'>nisi</span> <span class='ocrx_word' id='word_1_489' title='bbox 1113 4697 1238 4801; x_wconf 62' lang='lat' dir='ltr'>insgnia</span> <span class='ocrx_word' id='word_1_490' title='bbox 1259 4699 1437 4784; x_wconf 79' lang='lat' dir='ltr'>exagitatum</span> <span class='ocrx_word' id='word_1_491' title='bbox 1450 4706 1532 4768; x_wconf 91' lang='lat' dir='ltr'>esset</span> <span class='ocrx_word' id='word_1_492' title='bbox 1553 4703 1604 4768; x_wconf 87' lang='lat' dir='ltr'>vel</span> <span class='ocrx_word' id='word_1_493' title='bbox 1625 4705 1652 4769; x_wconf 91' lang='lat' dir='ltr'>si</span> <span class='ocrx_word' id='word_1_494' title='bbox 1670 4705 1769 4771; x_wconf 87' lang='lat' dir='ltr'>animi</span> <span class='ocrx_word' id='word_1_495' title='bbox 1791 4707 1887 4776; x_wconf 82' lang='lat' dir='ltr'>forti-</span> 
     </span>
     <span class='ocr_line' id='line_1_40' title="bbox 217 4783 1891 4892; baseline 0.019 -43"><span class='ocrx_word' id='word_1_496' title='bbox 217 4783 362 4850; x_wconf 90' lang='lat' dir='ltr'>tudinem</span> <span class='ocrx_word' id='word_1_497' title='bbox 391 4785 452 4851; x_wconf 93' lang='lat' dir='ltr'>sibi</span> <span class='ocrx_word' id='word_1_498' title='bbox 475 4799 701 4872; x_wconf 88' lang='lat' dir='ltr'>conservasset,</span> <span class='ocrx_word' id='word_1_499' title='bbox 730 4815 837 4863; x_wconf 91' lang='lat' dir='ltr'>nonne</span> <span class='ocrx_word' id='word_1_500' title='bbox 863 4819 902 4864; x_wconf 89' lang='lat' dir='ltr'>ea</span> <span class='ocrx_word' id='word_1_501' title='bbox 931 4800 1083 4865; x_wconf 90' lang='lat' dir='ltr'>memoria</span> <span class='ocrx_word' id='word_1_502' title='bbox 1111 4821 1183 4866; x_wconf 92' lang='lat' dir='ltr'>cum</span> <span class='ocrx_word' id='word_1_503' title='bbox 1211 4822 1250 4868; x_wconf 91' lang='lat' dir='ltr'>ea</span> <span class='ocrx_word' id='word_1_504' title='bbox 1276 4823 1331 4886; x_wconf 89' lang='lat' dir='ltr'>spe</span> <span class='ocrx_word' id='word_1_505' title='bbox 1361 4804 1530 4871; x_wconf 91' lang='lat' dir='ltr'>coniuncta</span> <span class='ocrx_word' id='word_1_506' title='bbox 1559 4807 1716 4892; x_wconf 90' lang='lat' dir='ltr'>reliquam</span> <span class='ocrx_word' id='word_1_507' title='bbox 1743 4809 1891 4881; x_wconf 84' lang='lat' dir='ltr'>infelicis</span> 
     </span>
     <span class='ocr_line' id='line_1_41' title="bbox 219 4888 1890 5002; baseline 0.015 -45"><span class='ocrx_word' id='word_1_508' title='bbox 219 4889 333 4957; x_wconf 88' lang='lat' dir='ltr'>matris</span> <span class='ocrx_word' id='word_1_509' title='bbox 354 4888 454 4955; x_wconf 81' lang='lat' dir='ltr'>vitam</span> <span class='ocrx_word' id='word_1_510' title='bbox 474 4892 502 4956; x_wconf 93' lang='lat' dir='ltr'>si</span> <span class='ocrx_word' id='word_1_511' title='bbox 523 4913 587 4958; x_wconf 91' lang='lat' dir='ltr'>non</span> <span class='ocrx_word' id='word_1_512' title='bbox 608 4895 748 4975; x_wconf 89' lang='lat' dir='ltr'>dulcem,</span> <span class='ocrx_word' id='word_1_513' title='bbox 770 4898 969 4968; x_wconf 86' lang='lat' dir='ltr'>tolerabilem</span> <span class='ocrx_word' id='word_1_514' title='bbox 991 4909 1098 4971; x_wconf 83' lang='lat' dir='ltr'>tamen</span> <span class='ocrx_word' id='word_1_515' title='bbox 1119 4906 1251 4974; x_wconf 90' lang='lat' dir='ltr'>reddere</span> <span class='ocrx_word' id='word_1_516' title='bbox 1272 4909 1411 4990; x_wconf 79' lang='lat' dir='ltr'>poterit?</span> <span class='ocrx_word' id='word_1_517' title='bbox 1447 4910 1489 4976; x_wconf 86' lang='lat' dir='ltr'>Et</span> <span class='ocrx_word' id='word_1_518' title='bbox 1514 4911 1541 4976; x_wconf 87' lang='lat' dir='ltr'>si</span> <span class='ocrx_word' id='word_1_519' title='bbox 1562 4911 1642 4980; x_wconf 88' lang='lat' dir='ltr'>haee</span> <span class='ocrx_word' id='word_1_520' title='bbox 1662 4933 1788 4999; x_wconf 86' lang='lat' dir='ltr'>quoque</span> <span class='ocrx_word' id='word_1_521' title='bbox 1810 4939 1890 5002; x_wconf 84' lang='lat' dir='ltr'>spes</span> 
     </span>
     <span class='ocr_line' id='line_1_42' title="bbox 215 4994 1885 5098; baseline 0.017 -38"><span class='ocrx_word' id='word_1_522' title='bbox 215 5015 299 5062; x_wconf 85' lang='lat' dir='ltr'>rana</span> <span class='ocrx_word' id='word_1_523' title='bbox 319 4994 418 5062; x_wconf 77' lang='lat' dir='ltr'>fuerit</span> <span class='ocrx_word' id='word_1_524' title='bbox 438 4999 536 5081; x_wconf 89' lang='lat' dir='ltr'>atque</span> <span class='ocrx_word' id='word_1_525' title='bbox 557 4996 651 5079; x_wconf 82' lang='lat' dir='ltr'>falsa,</span> <span class='ocrx_word' id='word_1_526' title='bbox 678 5002 705 5068; x_wconf 88' lang='lat' dir='ltr'>si</span> <span class='ocrx_word' id='word_1_527' title='bbox 726 5001 812 5069; x_wconf 90' lang='lat' dir='ltr'>mula</span> <span class='ocrx_word' id='word_1_528' title='bbox 832 5005 954 5073; x_wconf 89' lang='lat' dir='ltr'>maiora</span> <span class='ocrx_word' id='word_1_529' title='bbox 981 5008 1140 5075; x_wconf 81' lang='lat' dir='ltr'>creverint</span> <span class='ocrx_word' id='word_1_530' title='bbox 1166 5031 1262 5094; x_wconf 88' lang='lat' dir='ltr'>quam</span> <span class='ocrx_word' id='word_1_531' title='bbox 1288 5031 1369 5096; x_wconf 90' lang='lat' dir='ltr'>quae</span> <span class='ocrx_word' id='word_1_532' title='bbox 1390 5011 1468 5078; x_wconf 79' lang='lat' dir='ltr'>ferri</span> <span class='ocrx_word' id='word_1_533' title='bbox 1488 5015 1626 5098; x_wconf 90' lang='lat' dir='ltr'>possint,</span> <span class='ocrx_word' id='word_1_534' title='bbox 1653 5022 1722 5084; x_wconf 91' lang='lat' dir='ltr'>tum</span> <span class='ocrx_word' id='word_1_535' title='bbox 1751 5019 1885 5090; x_wconf 89' lang='lat' dir='ltr'>demum</span> 
     </span>
    </p>
   </div>
   <div class='ocr_carea' id='block_1_3' title="bbox 0 0 2122 5624">
    <p class='ocr_par' dir='ltr' id='par_1_3' title="bbox 0 0 2122 5624">
     <span class='ocr_line' id='line_1_43' title="bbox 0 0 2122 5624; baseline 0 8"><span class='ocrx_word' id='word_1_536' title='bbox 0 0 2122 5624; x_wconf 95' lang='lat' dir='ltr'> </span> 
     </span>
    </p>
   </div>
  </div>
 </body>
</html>
