4236 5624
224 637 268 703 ⁴2

230 796 329 864 ammi
351 791 487 861 ardere?
507 810 602 875 quem
623 789 722 855 babet
745 787 802 872 qui
822 793 931 853 aroect
951 785 1060 850 odium
1082 786 1216 860 arium,
1244 807 1339 868 quem
1361 784 1481 848 socium
1501 782 1558 864 qni
1579 802 1691 846 secum
1712 779 1804 846 ferat
1825 779 1907 846 dim

232 897 342 965 matris
363 914 475 980 preces
503 894 646 975 iramque
674 890 807 956 dearum
836 909 955 971 peenas
976 888 1171 971 exigentium
1200 907 1259 968 pro
1283 887 1451 949 commisso
1477 884 1618 949 scelere?
1661 886 1775 967 arque
1799 884 1905 950 eudem

229 1002 358 1087 quidem
382 997 564 1065 Electram
586 993 769 1067 salatiele,
799 993 849 1055 cui
871 992 931 1056 boc
953 992 1056 1075 ipsum
1078 992 1266 1058 inscribitur
1286 1013 1416 1064 nomen,
1446 990 1571 1054 tristem
1592 991 1751 1053 sustinuit
1781 996 1904 1065 sertem,

230 1124 331 1189 uequc
355 1101 484 1184 nuptias
511 1099 635 1180 respuit
663 1097 752 1180 regia
778 1094 911 1159 Atridae
935 1095 1001 1160 lilia
1027 1118 1100 1160 cum
1122 1094 1255 1179 ignobili
1276 1099 1310 1157 et
1331 1113 1471 1174 paupere
1500 1091 1655 1174 agricola,
1686 1091 1769 1155 dum
1800 1099 1903 1173 sperat

233 1213 399 1271 tenturum
419 1202 560 1285 eccequi
583 1200 684 1283 patris
703 1197 832 1264 caedem
856 1200 1032 1263 ulciscatur.
1067 1197 1181 1263 Aliena
1203 1220 1223 1262 a
1244 1196 1360 1280 gaudio
1382 1203 1416 1258 et
1437 1195 1520 1258 vitae
1542 1192 1817 1269 iucunditatibus
1839 1201 1902 1259 teta

230 1305 600 1388 bernriedensem
623 1327 649 1368 ι’,
677 1310 736 1370 175
760 1326 826 1387 sqq
829 1324 841 1387 y
865 1304 980 1368 multos
1001 1325 1102 1367 anuos
1123 1302 1237 1366 misere
1259 1300 1305 1363 ita
1332 1298 1426 1373 vixit,
1455 1303 1492 1360 ut
1511 1304 1624 1377 putare
1644 1297 1769 1380 abquis
1790 1305 1900 1380 posset

230 1422 397 1498 tarrtepere
416 1434 488 1479 earn
503 1410 639 1475 miseriis
652 1407 844 1484 ademere,
866 1419 902 1473 ut
917 1411 1012 1475 nullis
1029 1408 1122 1474 malis
1138 1407 1381 1489 opprimeretur,
1402 1422 1554 1483 oppressa
1569 1406 1706 1466 mertem
1723 1409 1900 1484 quaereret

232 1515 335 1583 Uuum
354 1521 460 1577 zeutem
482 1509 596 1575 uratum
614 1516 680 1575 tam
695 1532 789 1593 grave
812 1518 872 1586 est,
894 1511 978 1594 qued
998 1534 1038 1578 ne
1054 1512 1200 1577 Electrae
1214 1507 1343 1591 quidem
1360 1505 1450 1569 sortis
1465 1507 1590 1568 animus
1607 1506 1710 1586 pessit
1725 1508 1897 1573 sustinere:

229 1620 255 1686 ei
280 1619 363 1682 enim
393 1617 533 1688 Orestes,
562 1612 673 1678 ultima
693 1614 817 1696 patriae
840 1614 949 1696 stirpis
970 1634 1054 1694 apes,
1082 1635 1117 1677 re
1139 1610 1222 1675 male
1244 1615 1334 1692 gesta
1355 1609 1398 1670 sit
1419 1607 1594 1687 periturus,
1616 1613 1688 1670 tum
1708 1607 1783 1673 fere
1805 1609 1897 1690 preli·

230 1726 317 1787 tetur
339 1725 375 1781 ut
396 1718 467 1799 ipsa
487 1736 610 1800 quoque
633 1723 767 1780 mortem
790 1715 945 1781 erulorum
967 1716 1158 1780 medicinam
1179 1713 1240 1777 sibi
1262 1713 1435 1776 consciscat
1450 1710 1539 1793 (ibid
1551 1732 1577 1772 v.
1596 1715 1661 1776 686
1672 1732 1744 1794 sqq.
1761 1720 1898 1797 757).-

229 1820 297 1889 lam
312 1841 408 1903 supra
422 1819 568 1894 vidimus,
587 1842 657 1885 cum
677 1819 717 1885 do
741 1820 903 1887 Ilaemone
919 1825 1029 1888 mortis
1051 1824 1166 1906 cupido
1187 1823 1285 1888 verba
1304 1821 1436 1886 fecimus
1448 1832 1532 1903 (pag.
1548 1825 1587 1886 39
1602 1821 1676 1904 sq),
1699 1823 1900 1896 intercedere

231 1928 316 1993 iuter
339 1926 482 1993 liemieee
511 1925 657 1990 intimam
679 1925 836 2009 quandam
859 1927 957 1991 animi
979 1929 1233 1994 coniunctionem
1255 1927 1583 2008 familiaritatemque,
1610 1946 1707 2007 quam
1739 1929 1898 1995 sublatam

231 2030 280 2099 vel
309 2027 499 2114 diremptam
529 2029 551 2094 ii
583 2051 645 2093 eon
674 2039 807 2111 peeeunt
837 2032 1004 2108 sustinere,
1040 2034 1095 2116 qni
1121 2031 1179 2096 tali
1210 2053 1281 2095 cum
1311 2030 1418 2112 aliquo
1449 2029 1668 2092 coniunctione
1700 2030 1897 2100 coaluerunt

232 2136 328 2202 Cuius
349 2137 395 2202 rei
417 2134 576 2218 exempla,
599 2135 665 2201 eive
685 2136 786 2200 arnico
807 2157 876 2200 cum
900 2138 1001 2201 amice
1023 2136 1176 2202 eiusmodi
1198 2134 1367 2200 intercedit
1384 2133 1499 2196 intima
1516 2132 1718 2210 consuetedo,
1739 2137 1810 2202 sive
1829 2161 1897 2202 cum

229 2240 361 2320 coniuge
384 2237 523 2322 (redegi,
555 2259 625 2303 eum
656 2239 842 2320 parentibus
863 2239 984 2311 liberie,
1014 2240 1157 2321 cognatis
1176 2257 1247 2300 cum
1267 2236 1423 2319 cognatis,
1453 2231 1537 2313 apud
1563 2231 1769 2313 Euripidem,
1801 2237 1897 2303 animi

228 2339 409 2406 adfectuum
431 2336 692 2402 studiosissimum
715 2337 986 2423 investigatorem,
1018 2338 1177 2418 permulta
1205 2339 1347 2403 invenies
1369 2337 1521 2418 exempla.
1572 2337 1617 2400 Ac
1646 2344 1739 2403 tanta
1767 2342 1896 2424 quidem

229 2445 415 2509 coniunctus
438 2439 568 2522 lingitur
590 2439 820 2504 amicitiaeue»
844 2440 955 2506 Oreste
978 2440 1122 2523 Pylades.
1145 2450 1181 2506 ut
1199 2443 1233 2506 in
1254 2441 1353 2507 Orest
1373 2462 1400 2507 v.
1419 2445 1499 2505 1069
1521 2440 1657 2504 amicum
1676 2445 1897 2524 reprehendat

231 2546 313 2635 qued
339 2544 513 2627 speraverit
533 2544 644 2607 Oreste
669 2555 793 2611 mortuo
811 2547 960 2631 Pyladem
983 2569 1050 2613 esse
1074 2551 1242 2620 victurum,
1264 2551 1298 2610 et
1319 2566 1345 2609 v.
1366 2549 1445 2608 1⁰72
1467 2550 1615 2624 quaerat:
1640 2541 1731 2611 τίδὲ
1756 2547 1817 2633 ζῆν
1839 2556 1896 2635 σῆς

232 2646 384 2733 tremere·
406 2640 503 2726 ‹irrra-
525 2647 573 2711 cui
596 2647 813 2728 turpissimum
834 2649 959 2715 videtur
988 2675 1059 2718 eum
1083 2654 1272 2718 moriturum
1293 2650 1452 2719 deserere,
1476 2672 1609 2733 quocum
1626 2653 1731 2719 vivere
1746 2662 1893 2726 suavissi-

231 2772 315 2818 mum
340 2747 448 2826 luserit,
471 2746 724 2813 lienestimimum
748 2757 852 2813 autem
885 2769 957 2813 cum
978 2775 1015 2818 eo
1037 2753 1147 2819 eadem
1168 2759 1250 2837 pati,
1280 2755 1369 2819 cuins
1392 2755 1617 2822 consuetudine
1636 2779 1746 2826 carere
1767 2767 1896 2846 gravius

227 2856 270 2922 sit
293 2852 410 2919 rualem
431 2872 525 2936 quam
548 2850 648 2932 ipsam
673 2858 806 2915 mortem
829 2850 917 2915 obire
941 2851 1029 2934 (ibid,
1054 2873 1080 2914 v.
1108 2861 1194 2920 1074.
1226 2860 1302 2922 1085
1324 2858 1414 2939 sqq).
1467 2854 1601 2919 Addidit
1626 2856 1813 2940 Euripides,
1842 2867 1894 2948 qui

226 2960 387 3030 interdum
406 2959 504 3025 enimi
526 2958 669 3023 allectus
689 2957 892 3023 adcumulare
909 2966 1007 3034 emat,
1031 2960 1106 3023 huic
1128 2957 1264 3024 blandae
1283 2961 1375 3024 amici
1392 2980 1468 3042 erga
1482 2957 1626 3024 Orestem
1645 2960 1895 3045 benevolentiae,

228 3073 261 3133 et
282 3071 408 3151 practer
436 3085 518 3140 rem,
548 3067 584 3127 ut
606 3060 738 3137 videtur,
769 3067 802 3126 ct
823 3069 950 3142 praeter
971 3062 1175 3147 elegantiam,
1198 3060 1325 3145 Pyladis
1347 3063 1379 3126 in
1404 3063 1563 3126 Electram
1585 3085 1727 3130 amorem
1749 3067 1842 3151 (ibid.
1867 3093 1892 3140 v.

231 3174 307 3234 leel
335 3166 431 3249 sqq),
456 3185 519 3247 quo
542 3162 642 3247 magis
665 3160 719 3225 ille
740 3161 928 3225 ‹rbstrietnm
950 3182 1017 3226 sese
1039 3163 1257 3239 arbitraretur,
1279 3173 1313 3228 ut
1335 3165 1376 3240 ei,
1408 3167 1458 3228 cui
1480 3173 1649 3250 antequam
1673 3171 1771 3237 miser
1792 3173 1894 3241 laetus

228 3277 312 3337 essct
337 3268 459 3333 euricus
488 3265 610 3340 suisset,
642 3264 738 3329 etiam
764 3271 840 3327 tunc
870 3263 985 3327 misere
1012 3265 1184 3330 amicitiam
1211 3265 1369 3350 fidemque
1398 3275 1539 3332 servaret
1560 3270 1648 3352 (ibid
1671 3293 1698 3340 v.
1725 3281 1807 3342 1095
1831 3300 1891 3362 sq:

228 3360 266 3447 lle
290 3367 367 3454 apia
388 3368 449 3451 μὲν
472 3361 556 3448 ὑμᾶς
579 3367 746 3445 θοοιυχεῖν
768 3360 869 3448 φίλος
900 3367 1020 3451 παρῆν,
1050 3369 1104 3431 νῦν
1131 3363 1159 3431 d'
1183 3365 1289 3435 οὐκέτ’
1315 3368 1381 3452 εἰμὶ
1412 3369 1624 3449 δυστυχοῦντί
1650 3395 1704 3438 σοι
1738 3376 1890 3463 φίλος,·).

227 3472 392 3559 lgnormee
409 3469 532 3538 videtur
551 3468 609 3535 boc
626 3488 697 3533 curu
716 3466 833 3533 dilecte
849 3467 951 3532 enrico
968 3465 1122 3531 moriendi
1138 3469 1342 3547 desiderium,
1362 3492 1402 3535 ex
1416 3469 1535 3535 invicta
1549 3471 1709 3538 amicitiae
1726 3476 1758 3538 vi
1777 3486 1890 3558 ertum,

226 3578 413 3663 bentleylue,
435 3578 489 3662 qui
513 3577 545 3641 in
565 3575 759 3658 Choepberis
775 3574 924 3660 Pyladem
945 3576 1042 3640 fidmn
1065 3576 1193 3659 quidem
1208 3575 1313 3652 linxit,
1335 3573 1390 3639 sed
1411 3573 1492 3637 nihil
1514 3580 1682 3655 praeterea
1703 3599 1762 3644 nos
1783 3581 1890 3649 docuit

225 3681 265 3749 de
289 3680 356 3747 eius
379 3702 450 3747 cum
472 3678 581 3747 Oresta
611 3679 726 3744 intima
755 3680 995 3760 consuetudine,
1027 3704 1122 3766 quam
1151 3682 1320 3766 Euripides
1340 3683 1376 3746 in
1398 3682 1584 3766 Iphigeniae
1606 3683 1759 3754 Tauricae
1780 3689 1891 3758 fabula

225 3783 406 3854 adcuratiue
436 3784 532 3850 etiem
564 3783 721 3866 exposuit,
750 3782 843 3848 simul
870 3791 976 3852 autem
1003 3791 1200 3855 venustatem
1229 3788 1480 3872 dignitatemque
1503 3788 1739 3868 praeclarorum
1760 3793 1889 3862 illerum

223 3887 391 3956 verborum
414 3891 596 3970 v.tl'14sq.:
622 3883 757 3975 αἰσχρὸν
778 3886 945 3966 θανόντος
967 3893 1029 3956 σοῦ
1049 3891 1188 3974 βλέπειν
1209 3889 1295 3981 ἡμᾶς
1315 3892 1414 3980 φάος·
1435 3897 1529 3982 κοινῇ
1550 3889 1578 3957 r'
1593 3892 1749 3976 ἔπλευσα,
1776 3902 1829 3967 δεῖ
1847 3928 1889 3983 με

223 3989 278 4059 καὶ
302 3991 400 4078 κοινῇ
418 3992 535 4054 θανεῖν
557 3987 742 4075 (ulmetium
766 4012 791 4054 v.
813 3994 874 4058 684
891 3993 973 4077 sqq.)
995 3994 1133 4062 absurda
1154 4018 1194 4063 ne
1215 3998 1320 4063 dicam
1341 3999 1482 4075 sordida,
1504 4022 1586 4083 quae
1609 4005 1760 4084 proximis
1783 4012 1889 4077 verbis

224 4093 411 4172 continetur,
430 4093 589 4159 sententia
609 4113 710 4175 paene
732 4114 860 4176 prorsus
882 4094 1011 4160 sustulit
1031 4095 1120 4178 (ibid.
1144 4121 1170 4164 v.
1197 4102 1388 4185 676-683).
1423 4101 1531 4167 Nihilo
1551 4104 1655 4168 minus
1675 4112 1742 4172 tam
1763 4112 1887 4180 sincera

222 4198 362 4265 curicitiu
373 4195 506 4283 Pylades
520 4220 590 4263 cum
601 4199 711 4265 Oreste
727 4201 912 4266 coniunctus
928 4201 1066 4287 lingitur,
1079 4203 1177 4267 utrix
1192 4203 1385 4287 gradssimis
1397 4207 1591 4289 argumentis
1600 4208 1688 4293 (ibid.
1697 4233 1723 4279 v.
1733 4218 1796 4281 695
1805 4230 1887 4305 sqq.)

222 4301 323 4366 arceri
338 4300 449 4383 permit,
472 4301 640 4385 queminus
662 4323 725 4368 une
744 4323 814 4368 cum
833 4305 949 4383 arnico,
971 4305 1022 4370 eui
1039 4326 1123 4371 mers
1138 4307 1311 4372 constituta
1330 4313 1392 4385 est,
1413 4308 1577 4374 moriendo
1593 4324 1728 4393 quaerat
1741 4318 1886 4387 ult-imam

222 4404 372 4472 erulorum
399 4415 432 4475 et
458 4406 593 4473 melissae
621 4408 783 4475 amicitiae
815 4408 1011 4476 medicinam.
1045 4448 1085 4457 -—
1120 4410 1157 4475 In
1185 4408 1325 4476 eusdem
1353 4410 1479 4480 fabulae
1501 4435 1528 4480 v.
1557 4419 1637 4482 1008
1659 4438 1727 4502 sqq.
1750 4421 1886 4505 Oresten

222 4505 397 4573 beueeurtis
418 4531 512 4575 sensu
535 4531 636 4593 acque
659 4530 696 4576 nc
716 4509 857 4577 fraterno
879 4532 985 4581 amere
1006 4520 1194 4591 commotus,
1215 4512 1383 4596 profitetur
1406 4516 1607 4583 nullomodo
1629 4540 1663 4586 se
1685 4543 1753 4590 esse
1772 4545 1885 4607 pm.

218 4630 303 4683 rum,
326 4615 362 4674 ut
381 4630 468 4677 seran
490 4613 660 4700 Iphigenia
680 4635 739 4699 pre
760 4636 794 4682 se
816 4624 949 4683 mortem
972 4620 1082 4699 obeat,
1104 4620 1154 4685 his
1169 4619 1287 4687 verbis:
1314 4617 1503 4707 κοινόφρων
1521 4627 1575 4688 σοι·
1597 4624 1653 4690 καὶ
1676 4624 1730 4710 ζῆν
1747 4627 1885 4715 θέλοιμ’

218 4708 258 4780 bb
280 4715 335 4780 καὶ
358 4711 470 4779 θανών
493 4717 601 4800 λαχεῖν
624 4713 706 4785 ἴσον.
732 4712 800 4799 ἔξω
824 4720 861 4786 δέ
883 4715 913 4785 α’
933 4714 1037 4807 ἤνπερ
1059 4721 1104 4809 μὴ
1127 4720 1226 4802 αὐτὸς
1249 4722 1411 4792 ἐνταυθοῖ
1431 4726 1524 4791 πέσω
1548 4727 1634 4816 πρὸς
1657 4721 1759 4811 οἶκον,
1783 4726 1889 4822 ἢσοῡ

218 4812 397 4885 κατθανών
417 4820 505 4899 praed
526 4821 621 4901 μέτα,
643 4832 678 4890 et
699 4824 744 4890 sic
766 4827 856 4890 testis
876 4832 924 4892 est
945 4848 1012 4906 ees,
1034 4828 1173 4914 quisivi
1198 4823 1413 4916 κοινόφρονις
1431 4827 1565 4910 fuerint,
1587 4832 1701 4898 eadem
1720 4835 1762 4902 de
1782 4847 1889 4909 morte

218 4920 343 4987 mutire
367 4956 408 4969 -·
432 4914 585 4987 Similiter
607 4924 640 4989 in
658 4926 832 5016 Hippolyte
849 4928 1002 5010 Theseus,
1023 4931 1116 4998 fortis
1129 4930 1369 5014 intrepidusque
1385 4930 1531 4998 Herculis
1549 4954 1667 5012 cemes,
1690 4937 1746 5002 sed
1766 4945 1888 5010 emori.
