4236 5624
214 730 257 793 48

216 886 396 953 hominibus
418 884 630 969 praeferenda
650 884 825 952 videantur.
866 885 989 962 Quibus
1013 886 1103 952 bonis
1127 893 1155 956 si
1177 895 1338 959 contraria
1358 914 1554 976 opponemus
1575 898 1681 975 mala,
1704 901 1907 980 posteritatis

216 989 349 1069 invidia,
371 990 573 1054 inimicorum
594 987 716 1053 inultae
739 994 773 1055 et
792 989 960 1070 inpunitas
983 991 1133 1071 iniuriae,
1162 998 1310 1062 interitus
1331 998 1382 1063 vel
1403 1000 1533 1065 miseria
1554 1021 1687 1079 eorum,
1711 1005 1905 1088 quibuscum

216 1098 331 1162 intima
359 1097 457 1162 animi
488 1096 715 1162 consuetudine
746 1103 821 1161 sunt
851 1098 1025 1173 coniuncti,
1058 1099 1108 1165 vel
1138 1101 1244 1181 patria
1273 1100 1380 1166 deleta
1408 1106 1443 1189 et
1472 1101 1654 1170 dilacerata
1687 1112 1790 1172 tanto
1814 1108 1906 1175 boam

215 1201 374 1266 moriendi
403 1200 562 1265 desiderio
593 1198 755 1276 adficient,
786 1203 822 1262 ut
846 1205 982 1266 mortem
1012 1209 1078 1268 vita
1105 1204 1198 1290 longe
1220 1206 1497 1287 praestabiliorem
1518 1209 1721 1276 existiment
1771 1213 1905 1290 Quodn

215 1309 324 1390 priore
346 1308 541 1392 quaestionis
562 1311 655 1388 parte
677 1304 763 1370 haud
786 1304 878 1390 longe
901 1306 1043 1375 discedit.

347 1412 551 1494 deprimam
572 1408 703 1492 quidem
728 1407 919 1492 Aeschyleus
939 1410 1081 1487 Orestes,
1103 1415 1249 1474 strenuus
1268 1417 1301 1474 et
1320 1408 1451 1473 iniuriis
1472 1409 1581 1475 inlatis
1602 1417 1703 1478 atrox
1727 1413 1901 1494 factuam

217 1517 360 1599 (lhoeph
376 1540 403 1583 v.
421 1522 483 1582 435
499 1536 567 1597 sqq.
585 1514 754 1579 denuntiat
772 1515 854 1578 mori
877 1535 910 1579 se
925 1514 1014 1589 velle,
1037 1515 1063 1578 si
1083 1513 1254 1597 contigerit
1274 1512 1335 1576 sibi
1358 1511 1493 1577 deornm
1509 1518 1542 1578 et
1562 1534 1640 1580 suae
1663 1516 1777 1598 ipsius
1798 1541 1902 1585 mann

216 1623 355 1699 auxilio,
382 1625 418 1682 ut
439 1618 540 1699 patris
561 1618 654 1681 inulti
678 1617 763 1682 ultor
784 1618 973 1681 iniuriarum
996 1618 1175 1692 exsisteret,
1198 1637 1272 1680 nam
1295 1616 1417 1692 παῖδος
1439 1615 1536 1703 ἀνδρὶ
1554 1618 1720 1703 κληδόνες
1741 1622 1900 1709 σωτήριοι

219 1722 362 1790 θανόντι
382 1722 473 1810 (ibid.
496 1744 523 1788 v.
547 1723 639 1801 5⁰5),
660 1723 760 1788 etsie
782 1721 921 1787 ostendit
941 1743 1060 1804 poenas
1082 1742 1101 1785 a
1123 1719 1246 1801 perfida
1266 1725 1368 1783 matre
1391 1720 1545 1801 repetitas
1567 1721 1694 1788 bonnm
1716 1726 1786 1792 sibi
1807 1728 1900 1794 rideri

218 1832 313 1914 longe
334 1826 557 1910 praestabilius
580 1847 676 1908 quam
699 1817 810 1907 ipsam
823 1825 921 1888 vitam
952 1826 1065 1891 harum
1087 1845 1262 1906 poenarum
1294 1825 1448 1889 memoria
1470 1832 1643 1894 carentem
1676 1865 1722 1876 —
1757 1831 1800 1895 In
1821 1832 1899 1917 Sela

221 1937 290 2003 adv.
312 1934 409 1999 Theb.
432 1955 458 1997 v.
485 1937 565 1998 1026
587 1952 655 2013 sqq.
678 1930 794 1995 ardens
815 1928 941 2011 puellae
973 1929 1097 1993 animus
1118 1928 1310 2010 Antigonam
1333 1933 1522 2004 commovet,
1554 1935 1589 1993 ut
1619 1929 1740 1998 fratris
1762 1933 1898 2004 debitara

220 2040 438 2108 humationem
461 2043 493 2101 et
514 2036 653 2099 futuram
679 2033 754 2098 inde
777 2031 861 2114 apud
884 2039 1027 2113 posteros
1049 2034 1225 2100 honestatis
1251 2032 1369 2097 lamam
1391 2034 1636 2115 praeferendam
1661 2048 1803 2107 censeat
1822 2045 1898 2111 sine

220 2145 348 2230 egregie
374 2141 430 2205 illo
452 2144 485 2202 et
505 2139 588 2201 iuste
610 2135 693 2200 facto
716 2136 859 2219 neglecto
882 2136 1059 2219 degendae,
1092 2139 1242 2220 quoniam
1264 2159 1340 2222 erga
1362 2137 1438 2204 deos
1460 2139 1610 2224 legesque
1633 2148 1796 2211 aeternas
1818 2170 1895 2214 vere

220 2250 337 2316 cundia
351 2252 385 2312 et
399 2244 513 2326 pietas,
533 2261 629 2323 qaam
645 2239 816 2304 debeamus
832 2239 964 2303 mortuis
986 2242 1140 2324 cognatis,
1162 2264 1184 2307 a
1201 2244 1292 2309 bonis
1314 2244 1497 2310 hominibus
1516 2247 1614 2311 etiam
1631 2247 1724 2316 ritae
1740 2251 1897 2321 dulcedini

221 2359 457 2436 anteponantur
479 2353 512 2410 et
530 2345 638 2426 inique
662 2344 745 2409 cives
766 2342 909 2408 Thebani
932 2347 1103 2411 statuerint
1123 2346 1304 2428 Polynicom
1326 2368 1388 2411 non
1413 2369 1481 2413 esse
1509 2349 1736 2430 sepeliendum
1761 2347 1841 2441 (ἤδη
1861 2354 1896 2422 τὰ

220 2457 309 2524 τοῦδ’
333 2493 376 2502 -
395 2450 462 2517 scil.
484 2447 704 2531 Polynicis-
728 2441 766 2509 od
790 2444 1020 2529 διατετίμηται
1041 2450 1154 2520 θεοῖς,
1179 2445 1254 2509 ibid.
1277 2467 1303 2509 v.
1330 2448 1434 2531 1047).

351 2553 520 2620 Simillima
547 2550 650 2615 Oresti
682 2548 858 2630 Sophoclea
887 2549 1014 2615 Electra
1044 2551 1298 2634 Chrysothemidi
1331 2554 1431 2617 sorori
1468 2553 1639 2620 denuntiat
1668 2558 1774 2624 occisi
1804 2561 1898 2644 patris

223 2681 342 2748 poenas
357 2681 377 2725 a
390 2656 497 2722 caedis
517 2655 698 2720 auctoribus
717 2655 871 2735 repetitas
884 2655 966 2719 vitae
986 2657 1211 2737 praeferendas
1233 2678 1266 2722 se
1286 2678 1416 2722 censere
1435 2656 1486 2721 his
1502 2658 1608 2723 verbis
1625 2680 1654 2722 v.
1668 2665 1756 2728 aasz
1780 2660 1897 2730 meet

223 2761 314 2851 μεθ’,
339 2758 370 2829 εἰ
389 2756 465 2847 χρή,
491 2757 593 2841 nerei
615 2756 871 2840 τιμωρούμενοι,
894 2757 1058 2839 quoniam,
1081 2757 1142 2820 nisi
1165 2758 1334 2839 perfecerit
1356 2756 1432 2833 hoc,
1454 2757 1654 2838 praeclaram
1675 2760 1818 2842 pietatis
1837 2765 1895 2829 lan·

222 2872 296 2938 dem
316 2890 336 2932 a
357 2871 448 2946 patre
470 2866 501 2925 et
524 2859 623 2924 fratre
645 2859 789 2923 obtinere
812 2879 876 2922 non
901 2860 1000 2939 possit
1024 2858 1113 2942 (ibid.
1136 2880 1163 2926 v.
1188 2865 1249 2926 968
1271 2864 1372 2943 sqq.);
1401 2864 1497 2942 atque
1528 2860 1640 2927 eadem
1677 2885 1785 2947 quam
1814 2868 1898 2934 mode

217 2973 291 3039 dixi
314 2967 475 3047 Antigona
495 2969 530 3027 et
555 2961 640 3043 apud
664 2960 852 3042 Sophoclem
881 2969 913 3026 et
935 2962 1020 3043 apud
1044 2963 1227 3044 Euripidem
1250 2963 1362 3028 eadem
1385 2964 1530 3045 suscipit,
1561 2967 1738 3046 praeclare
1766 2978 1804 3037 et
1822 2974 1896 3040 inere

221 3081 298 3146 iacti
320 3075 453 3162 gloriam
475 3071 559 3133 ritae
578 3069 671 3151 longe
694 3078 899 3149 anteponens.
930 3068 979 3131 Ex
1000 3090 1063 3152 quo
1086 3070 1171 3133 enim
1191 3077 1334 3150 tempore
1349 3068 1512 3150 Polynices
1534 3069 1742 3137 carissimam
1762 3095 1897 3142 sororem

223 3183 373 3266 precibus
399 3175 535 3250 adierat,
566 3194 605 3238 ne
628 3192 741 3253 corpus
762 3172 884 3243 fratris,
913 3174 940 3237 si
968 3173 1001 3236 in
1029 3193 1136 3258 pugna
1158 3174 1336 3250 cecidisset,
1366 3172 1531 3256 sepultura
1550 3173 1695 3242 adficere
1719 3180 1898 3265 neglegere

222 3286 293 3372 (cfr.
315 3282 391 3348 0ed.
413 3279 518 3344 Calon.
540 3299 569 3343 v.
594 3284 674 3342 14111
698 3297 765 3359 sqq.
789 3279 896 3360 1435),
927 3278 1086 3360 Antigona
1107 3284 1175 3342 tota
1195 3276 1231 3340 id
1253 3277 1331 3359 egit,
1360 3281 1397 3339 ut
1417 3275 1503 3359 quod
1523 3275 1571 3341 sas
1593 3276 1656 3343 sibi
1681 3280 1853 3349 rideretur
1868 3289 1898 3349 a

224 3392 358 3473 cognato
379 3383 522 3447 debitum
544 3378 684 3443 officium
706 3378 783 3460 perf
794 3386 888 3445 aeret:
920 3402 993 3444 nam
1020 3382 1086 3445 cari
1116 3380 1224 3446 fratris
1253 3387 1325 3461 post
1356 3385 1491 3445 mortem
1514 3380 1670 3446 honorem
1696 3392 1733 3450 et
1759 3388 1894 3470 quietem

223 3485 482 3575 praestabiliores
504 3481 629 3547 censuit
658 3502 753 3563 quam
776 3502 865 3545 suam
887 3483 987 3565 ipsius
1007 3484 1117 3560 vitam,
1150 3485 1201 3548 eui
1231 3490 1314 3548 esset
1343 3481 1442 3547 καλὸν
1471 3485 1570 3548 τοῦτο
1603 3485 1762 3575 ποιούσῃ
1785 3494 1896 3555 θανεῖν

226 3595 295 3680 (cir.
317 3591 422 3674 Antig.
445 3610 471 3653 v.
496 3586 559 3669 72).
604 3583 673 3649 Iam
694 3594 790 3648 antea
811 3583 946 3649 vidimus
969 3592 1053 3670 (pag.
1081 3590 1131 3669 11)
1153 3594 1279 3653 tantum
1300 3590 1410 3653 abesse
1431 3594 1469 3652 ut
1491 3590 1653 3673 Antigona
1676 3600 1822 3660 mortem
1841 3596 1895 3663 sibi

223 3698 308 3763 sicut
322 3695 440 3760 bonum
457 3696 634 3771 exoptaret,
656 3694 693 3750 ut
705 3688 828 3753 tristem
847 3695 967 3752 sortem
987 3690 1049 3754 sibi
1064 3692 1233 3772 inpositam
1254 3698 1463 3775 cruentasque
1483 3714 1555 3758 cum
1570 3694 1760 3766 Acheronte
1775 3703 1896 3784 nuptias

224 3801 334 3868 multis
354 3795 505 3881 querellis
526 3798 559 3858 et
589 3792 868 3857 lamentationibus
897 3791 1087 3874 deploraret.
1143 3794 1230 3859 Solet
1256 3801 1363 3860 autem
1391 3796 1462 3862 fieri
1493 3805 1529 3862 ut·
1556 3800 1725 3867 interdum
1747 3805 1896 3883 homines,

223 3908 376 3995 quoniam
396 3904 535 3967 humana
554 3899 660 3963 omnia
676 3898 836 3964 erroribus
858 3903 933 3962 sunt
954 3898 1097 3962 subiecta
1117 3898 1206 3982 (ibid.
1228 3920 1257 3965 ι.
1278 3904 1357 3965 1023
1381 3903 1464 3984 sqq.)
1486 3906 1647 3986 saepeque
1669 3924 1767 3972 error
1788 3909 1895 3994 ingen

222 4011 352 4081 sceleris
375 4006 515 4074 obtinuit
534 4003 637 4067 locum
659 4001 781 4085 (Senec.
805 4001 898 4066 llere.
922 4002 993 4066 Fur.
1016 4025 1043 4069 v.
1068 4001 1176 4086 1283),
1207 4003 1242 4066 in
1271 4009 1363 4068 tanta
1392 4005 1579 4072 discrimina
1608 4006 1729 4074 undant
1751 4018 1787 4079 et
1807 4013 1892 4080 dimi

221 4119 364 4185 cationes
386 4111 545 4185 fortuma,
576 4111 612 4170 ut
640 4126 704 4169 non
735 4105 836 4169 solum
865 4125 947 4187 qnae
976 4104 1062 4168 bona
1083 4104 1232 4171 videntur
1258 4129 1329 4172 cum
1352 4107 1446 4173 bonis
1470 4109 1681 4187 conlidantnr,
1704 4132 1792 4195 quae
1815 4114 1892 4180 mla

221 4244 294 4288 cnm
317 4217 422 4292 malis,
450 4212 507 4279 sed
534 4211 633 4277 etiam
653 4208 738 4292 quod
759 4211 800 4274 ab
822 4219 955 4292 utraque
977 4216 1069 4291 parte
1102 4208 1140 4273 fit
1164 4213 1249 4276 iusta
1277 4212 1439 4278 voluntate
1468 4219 1504 4278 et
1532 4233 1636 4297 aequo
1656 4213 1782 4282 iudicio
1803 4224 1894 4301 atque

223 4325 368 4399 consilio,
397 4321 561 4403 ingentem
584 4315 811 4381 dissensionem
833 4315 945 4399 gignat
973 4321 1006 4381 et
1029 4315 1135 4380 tristia
1161 4313 1310 4389 discidia,
1340 4336 1424 4397 quae
1447 4316 1509 4380 nisi
1530 4315 1709 4395 doloribus,
1739 4318 1895 4396 αιοιΙίῑιιιι

223 4425 396 4491 mortiferis
418 4420 580 4506 stragibus
601 4425 635 4485 et
656 4419 775 4485 morbis
797 4420 903 4484 sanari
926 4419 976 4485 vel
998 4419 1144 4504 componi
1166 4440 1230 4484 non
1251 4424 1392 4501 possunt.
1436 4419 1475 4483 ln
1497 4420 1548 4484 his
1569 4419 1815 4489 discriminibus
1835 4443 1895 4489 nu

225 4532 326 4595 solum
347 4554 387 4597 ex
410 4528 503 4593 malis
529 4526 647 4612 eligere
669 4526 803 4590 minima
827 4525 927 4591 bonos
949 4531 1088 4607 oportet,
1118 4522 1173 4590 sed
1203 4522 1299 4586 etiam
1320 4542 1494 4605 excerpere
1515 4544 1554 4589 ex
1574 4523 1627 4589 his
1645 4524 1743 4607 ipsis,
1771 4527 1802 4591 si
1822 4525 1895 4611 qm‘l

225 4633 310 4697 inest
335 4631 411 4697 boni
439 4630 550 4713 (Cicer.
580 4629 620 4696 de
650 4627 730 4694 offic.
753 4628 815 4705 ΙΙΙ,
844 4636 868 4699 l.
891 4630 950 4712 3l..
979 4627 1086 4711 Elegit
1111 4625 1270 4707 Antigona
1293 4629 1327 4688 et
1355 4625 1522 4707 excerpsit
1574 4625 1673 4691 Recte
1703 4626 1815 4695 facere
1836 4628 1897 4695 mli

226 4733 330 4799 Creon
343 4732 466 4812 patriae
481 4729 629 4808 salutem,
650 4730 794 4813 quamvis
815 4729 1007 4794 inconsulte.
1030 4747 1157 4804 curans,
1179 4731 1265 4790 recte
1288 4725 1409 4803 lacere,
1432 4728 1576 4810 quamvis
1597 4748 1663 4794 non
1682 4736 1799 4810 cante,
1819 4732 1897 4800 σοι’·

223 4858 333 4907 sorum
354 4835 489 4899 lratmm
511 4856 608 4912 soror,
638 4856 720 4917 quae
750 4842 919 4918 utrumque
944 4832 1077 4900 fratrem
1101 4855 1203 4918 aequa
1231 4834 1352 4916 pietate
1382 4834 1468 4902 colit
1517 4834 1733 4920 Opponnntnr
1760 4838 1850 4907 inte·
1864 4860 1895 4908 a

223 4942 312 5027 leges
332 4936 443 5004 civiles
465 4936 521 5014 (τὰ
543 4938 587 5002 od
608 4974 651 4987 -
671 4938 738 5003 scil.
761 4938 905 5005 Creontis
928 4976 969 4985 —
992 4936 1185 5024 κηρύγματα
1206 4936 1257 5002 vel
1287 4932 1319 5001 oi
1351 4934 1571 5025 προκείμενα
1590 4935 1710 5025 νόμοι,
1742 4944 1854 5034 Anh'g.
1870 4966 1895 5010 ι.

222 5049 296 5113 aad
313 5042 390 5128 481)
405 5059 571 5124 poenaque
589 5042 690 5110 civim
708 5048 742 5110 et
759 5044 847 5130 leges
864 5051 1014 5113 aeternae
1033 5035 1210 5129 (ἄγραπτα
1229 5037 1387 5128 κάσφαλῆ
1408 5045 1500 5110 θεῶν
1515 5040 1665 5128 νόμους
1682 5044 1768 5117 ibid.
1778 5071 1811 5121 r.
1825 5050 1898 5137 456)
