4236 5624
170 885 280 965 potest
301 878 454 955 iubulnm,
482 878 581 944 vitem
602 877 656 943 vix
675 876 777 960 pluris
797 877 981 944 aestimabit
1001 899 1097 963 quum
1118 880 1236 949 bouum
1258 883 1415 952 mediocre
1438 885 1503 963 rel,
1524 893 1561 952 ut
1581 888 1628 955 its
1647 888 1768 968 dimin,
1791 891 1841 958 iu·

168 984 329 1050 differens
350 1018 393 1030 -
418 981 468 1047 Ab
491 981 553 1046 bac
575 979 669 1048 foeda
688 979 839 1047 Hecubae
862 979 1054 1063 Euripideee
1076 985 1235 1050 sententia
1254 985 1490 1055 discedentibus
1509 990 1726 1073 quaerendum
1746 994 1843 1062 nohis

170 1090 248 1166 erit,
275 1085 433 1175 quomedo
460 1086 496 1151 iu
516 1085 589 1152 eliis
612 1084 730 1152 lsbulis
758 1085 852 1151 buius
872 1090 984 1167 poetoe
1006 1106 1161 1168 personae
1183 1089 1294 1155 mortis
1311 1089 1469 1157 desiderio
1490 1111 1606 1174 parum
1626 1095 1789 1162 consueti
1808 1102 1844 1164 st

168 1193 294 1257 siccem
315 1189 515 1256 educuntur.
559 1188 598 1254 In
620 1188 787 1274 Hippolyti
810 1188 919 1256 iobnlu
940 1189 1102 1257 Phaedrae
1123 1192 1232 1256 nutrix
1253 1213 1326 1257 cum
1345 1193 1493 1262 deminae
1513 1196 1675 1278 perditum
1694 1218 1838 1267 aurern

166 1293 375 1376 comperisset
389 1291 458 1376 (cfr.
478 1296 537 1359 139
552 1313 615 1376 sq:
639 1295 775 1380 κρυπτῷ
797 1291 904 1357 πάθει
928 1292 1081 1358 θανάτου
1099 1294 1270 1360 θέλουσαν
1284 1293 1402 1361 κέλσαι
1423 1296 1505 1363 ποτὶ
1523 1298 1630 1386 τέρμα
1648 1298 1842 1386 δύστανον),

168 1417 295 1463 summe
316 1416 349 1461 se
364 1395 467 1462 teneri
480 1395 637 1462 moriendi
659 1393 836 1477 cupiditate
856 1396 1030 1477 profitetur,
1052 1397 1098 1462 ita
1119 1403 1156 1463 ut
1175 1398 1332 1465 exclamet
1350 1421 1377 1467 ι.
1390 1405 1452 1468 353
1467 1422 1554 1486 sqq:
1577 1401 1702 1491 ἐχθρὸν
1716 1401 1843 1494 cleope?

170 1501 271 1590 φάος.
300 1500 393 1587 (liutto
421 1498 562 1585 μιθὴσιο
593 1496 686 1582 σῶμ’,
719 1493 1032 1588 άπαίίαχθὴσομαι
1059 1499 1138 1583 βίου
1169 1504 1335 1566 θανοῦσα·
1361 1498 1500 1589 χαίρετ’·
1532 1500 1637 1573 οὐκέτ’
1668 1502 1732 1589 εἴμ’
1760 1506 1841 1594 lyr&

170 1628 273 1690 neque
296 1604 401 1670 minus
419 1603 624 1670 vehementer
644 1603 760 1669 chorus
781 1603 972 1671 feminarum
992 1605 1242 1683 lhoezeniarum,
1264 1627 1360 1690 quum
1380 1614 1467 1675 totus
1488 1611 1623 1680 miserae
1644 1614 1775 1698 regione
1794 1615 1839 1681 ιίι

169 1709 303 1785 deditus,
324 1707 375 1773 his
392 1707 497 1774 verbis
513 1706 682 1789 profitetur
697 1729 724 1773 v.
736 1710 797 1774 363
809 1727 869 1790 sq.=
894 1701 1036 1789 ὀλοίμαν
1049 1703 1161 1792 ἔγωγε,
1187 1707 1265 1794 πρὶν
1282 1712 1352 1787 σᾶν,
1377 1709 1472 1796 φίλα,
1495 1713 1679 1782 κατανύσαι
1695 1721 1838 1806 pensu.

171 1817 297 1897 Deque
317 1810 510 1894 professione
527 1809 604 1894 quid
620 1809 813 1876 censendum
829 1809 872 1874 sit
885 1813 1003 1894 optimc
1021 1814 1237 1898 perspicietur,
1260 1836 1331 1880 cum
1347 1817 1608 1899 quaesiverimus,
1629 1820 1705 1905 quid
1726 1821 1840 1890 leooeit

172 1917 293 1991 nutrix,
320 1919 356 1979 ut
377 1910 541 1978 Phaedrae
569 1911 715 1977 miseriae
738 1911 931 1991 consuleret,
957 1936 1053 1997 qnam
1081 1915 1174 2000 leuge
1195 1916 1393 1984 aberraverit
1412 1940 1434 1984 s
1451 1920 1580 1987 virtutm
1601 1922 1842 2011 honestatisque

171 2024 236 2098 ria,
257 2028 294 2086 ut
314 2018 461 2084 dominae
482 2016 630 2083 adflictae
649 2016 811 2102 (616466
829 2040 892 2102 sq:
916 2018 1035 2105 ἐπειδὴ
1053 2016 1113 2086 οὐκ
1132 2018 1286 2105 ἐξήνυτον
1307 2020 1439 2109 Κύπριν
1458 2029 1634 2113 κρατῆσαι,
1657 2037 1842 2097 κατθαντῑν

170 2124 266 2203 ἔδοξέ
287 2146 348 2205 μοι
375 2119 567 2208 κράτιστον)
592 2122 744 2189 vitamet
766 2144 855 2189 suom
882 2125 981 2207 ipsius
999 2133 1140 2192 servaret
1161 2125 1250 2208 (ibid.
1273 2148 1301 2193 v.
1322 2132 1385 2193 too
1407 2147 1475 2212 sqq.
1504 2135 1563 2196 501
1587 2151 1634 2214 sq.
1662 2136 1727 2199 6119
1749 2132 1843 2218 sqq),

171 2230 218 2295 sic
235 2226 405 2294 ostendens
426 2227 537 2292 mortis
559 2225 751 2294 desiderium
772 2229 903 2296 nriiiime
924 2228 1081 2294 sincerum
1103 2227 1200 2294 fuisse
1222 2234 1256 2294 et
1275 2235 1432 2295 constans
1464 2231 1506 2296 Et
1526 2234 1656 2300 omnine
1676 2256 1840 2302 serrorum

171 2341 267 2418 etque
289 2330 379 2397 chori
401 2328 624 2410 professiones.
645 2331 761 2415 quibus
782 2332 948 2400 declarent
967 2333 1020 2397 isti
1043 2332 1186 2400 homines
1207 2355 1241 2400 se
1255 2354 1328 2398 cum
1343 2333 1479 2400 dominis
1501 2335 1550 2400 vel
1564 2336 1668 2401 vinem
1691 2337 1740 2403 iel
1756 2338 1839 2405 moti

169 2439 264 2515 selle,
291 2436 477 2519 plerumque
498 2455 556 2516 pro
577 2434 696 2499 talibus
723 2436 888 2502 habendae
911 2436 1065 2512 videntur,
1090 2457 1172 2519 quae
1193 2459 1233 2501 ex
1257 2437 1380 2501 siccem
1402 2437 1509 2502 enimc
1536 2457 1599 2501 nou
1626 2437 1839 2520 proferuntur,

172 2547 323 2633 quonism
345 2563 506 2610 servorum
528 2562 605 2628 erge
625 2543 769 2609 dominos
791 2565 880 2610 amor
901 2565 974 2610 rere
996 2550 1104 2608 tentus
1125 2545 1185 2616 est,
1215 2544 1251 2603 ut
1272 2540 1354 2605 serni
1376 2538 1417 2605 de
1437 2539 1504 2604 rita
1524 2538 1714 2607 decedentes
1734 2538 1836 2607 domi·

170 2673 228 2719 nos
249 2653 430 2732 sequantur,
459 2650 493 2713 ιι
520 2646 611 2712 chori
639 2668 751 2712 munus
780 2648 814 2712 in
843 2649 1037 2715 Graecorum
1067 2648 1183 2715 fabulis
1215 2646 1352 2711 niaxime
1377 2646 1412 2710 in
1441 2667 1479 2712 eo
1501 2654 1652 2724 venetur,
1680 2656 1717 2712 ut
1737 2648 1837 2716 animi

170 2758 315 2826 adiectus
339 2751 656 2836 perturbationesque
683 2753 736 2836 qni
766 2752 854 2818 chori
884 2762 992 2836 partes
1019 2757 1119 2839 agiint
1146 2751 1248 2834 magis
1278 2748 1490 2826 moderentur,
1522 2749 1640 2829 levent,
1671 2760 1845 2819 coerceant

169 2881 265 2947 quam
287 2857 423 2924 adsensu
444 2877 500 2921 suo
522 2862 667 2941 augeant.
700 2855 790 2935 Quod
812 2860 890 2924 satis
911 2858 1039 2940 probari
1060 2853 1186 2918 uidetur
1202 2872 1240 2917 eo
1258 2851 1344 2935 quod
1358 2873 1457 2935 supra
1470 2853 1556 2937 (pag.
1572 2854 1628 2936 21)
1643 2854 1683 2922 de
1704 2856 1836 2923 senibus

169 2961 294 3048 Argivis
315 2958 559 3043 Agamemnonio
580 2956 710 3023 caedem
731 2958 996 3041 conquerentibus
1016 2957 1137 3023 dictum
1159 2963 1223 3031 est;
1251 2964 1362 3039 postes
1382 2964 1489 3023 autem
1510 2957 1551 3023 de
1572 2957 1686 3023 iisdem
1708 2959 1830 3027 ridebi-

170 3087 240 3131 mus
259 3060 419 3128 interdum
438 3059 536 3125 etiam
550 3059 692 3124 sincerae
706 3060 904 3124 constantiae
922 3059 1111 3143 pietatisque
1131 3061 1277 3143 exemplu
1293 3061 1328 3124 in
1344 3060 1474 3126 Graecis
1492 3059 1608 3126 subulis
1627 3061 1828 3130 inveniri.-

172 3169 217 3235 Ut
237 3167 277 3232 ab
299 3164 393 3230 occisi
415 3163 511 3229 Rhesi
533 3163 709 3244 suspicione
736 3162 940 3228 absolvantur
966 3163 1093 3228 Troiani
1116 3164 1246 3235 milites,
1277 3163 1366 3228 chori
1387 3168 1496 3244 psrtes
1523 3164 1578 3245 qui
1601 3172 1715 3248 egunt,
1748 3165 1833 3233 iure·

170 3270 304 3337 iucundo
328 3288 363 3333 se
384 3266 599 3351 obstringunt,
629 3272 665 3331 ut
683 3266 786 3331 solent
805 3266 963 3341 homiues,
986 3269 1194 3349 suspicionem
1216 3267 1325 3333 delicti
1346 3289 1368 3334 e
1386 3288 1419 3333 sc
1440 3275 1584 3334 avertem
1607 3290 1678 3334 cum
1694 3272 1837 3354 cupiunt,

170 3399 197 3442 v.
214 3379 276 3441 3311
294 3394 377 3457 sqq.=
401 3366 440 3457 ἢν
455 3371 492 3437 δι’
511 3367 618 3456 χρόνῳ
641 3367 854 3459 παράκαιρον
875 3371 971 3457 ἔργον
995 3361 1014 3453 ἢ
1035 3365 1134 3452 λόγον
1151 3368 1257 3455 πύθη,
1281 3366 1366 3434 κατά
1387 3391 1430 3450 pr
1446 3372 1507 3453 χᾶς
1530 3369 1635 3449 ζῶντα
1660 3371 1841 3458 πόρευσον·

173 3478 212 3544 οὐ
240 3477 488 3563 παραιτοῦμαι,
511 3481 545 3538 ιι
564 3495 591 3539 ι.
615 3475 677 3539 369
698 3475 811 3559 auriga
840 3473 937 3542 Rhesi
959 3492 1073 3555 magno
1093 3471 1202 3538 delore
1225 3478 1355 3554 propter
1376 3471 1571 3537 trucidatum
1593 3472 1757 3541 dominum
1777 3474 1835 3543 ad·

171 3586 271 3652 seclus
285 3586 318 3646 et
338 3577 507 3662 perfidiam
520 3576 727 3644 Troianorum
745 3579 828 3645 male
844 3586 986 3645 meluens
1008 3577 1100 3642 dicit:
1124 3569 1150 3640 ιό
1175 3584 1252 3660 χαῖα
1271 3574 1407 3663 πατρίς,
1434 3580 1506 3652 ,τοῖς
1525 3571 1565 3639 ι’ίν
1580 3574 1761 3658 ἐνθάνοιμί
1775 3602 1842 3655 σοι,

170 3688 222 3754 cui
239 3705 303 3750 non
324 3683 392 3748 siue
413 3680 564 3745 inrisione
581 3680 720 3763 quadem
736 3682 861 3759 Hector,
883 3681 939 3766 qui
955 3681 1033 3745 satis
1049 3681 1195 3766 cognovit
1211 3680 1309 3745 vitum
1327 3687 1428 3746 morte
1446 3679 1546 3744 multo
1564 3680 1840 3761 praestabiliorem

172 3812 240 3860 esse
262 3797 295 3857 et
316 3787 438 3871 patriae
454 3785 637 3868 civibusque
653 3787 828 3865 utiliorem,
851 3789 1034 3871 respondet:
1056 3791 1102 3874 μὴ
1119 3784 1243 3873 θνῇσχ’·
1259 3785 1335 3864 ἅλις
1347 3786 1409 3874 γάρ
1426 3789 1488 3851 τῶν
1505 3785 1717 3870 τεθνηκότων
1731 3781 1840 3868 ὄχλος.

169 3935 213 3946 -
234 3896 351 3979 Magno
372 3891 484 3956 mortis
503 3890 663 3956 desiderio
685 3892 836 3957 Creusam
857 3895 960 3959 teucri
982 3895 1125 3959 videmus
1146 3892 1179 3956 in
1202 3889 1288 3956 Ionis
1310 3912 1336 3953 ν.
1359 3895 1431 3958 763.
1455 3895 1518 3957 769
1540 3912 1621 3974 sqq..
1649 3892 1799 3975 quoniam
1820 3911 1843 3956 κ

171 4002 249 4077 luto,
271 4006 308 4064 ut
328 3997 438 4062 liberis
458 4002 595 4071 careret,
617 3995 678 4062 sibi
698 3997 905 4062 coustitutum
921 3996 963 4060 sit
976 3999 1009 4060 et
1022 3994 1097 4059 lone
1119 3992 1266 4057 restituto
1286 3989 1496 4057 inminentem
1511 3990 1601 4074 (ibid
1618 4012 1646 4057 ι.
1666 3969 1840 4074 ilienses.)

171 4107 233 4173 sibi
262 4104 346 4170 domi
377 4101 609 4187 neglegentium
638 4102 759 4171 timent.
812 4102 920 4187 Neque
951 4123 1024 4168 voro
1053 4122 1073 4166 e
1102 4096 1223 4164 crudeli
1246 4094 1394 4178 Apolline
1415 4095 1541 4161 deserte
1568 4096 1680 4178 regius
1708 4093 1837 4177 filioque

172 4210 285 4277 orbato
304 4214 472 4289 tantopere
499 4205 575 4270 huic
603 4204 761 4271 desiderio
791 4206 949 4290 indulget,
979 4211 1015 4270 ut
1042 4226 1061 4270 a
1088 4223 1185 4286 provo
1215 4221 1305 4267 serre
1326 4221 1389 4265 non
1410 4199 1452 4264 ad
1473 4219 1547 4265 eum
1569 4198 1666 4265 animi
1697 4197 1838 4265 furorem

170 4315 354 4390 adducetur,
375 4318 411 4376 ut
432 4331 527 4395 queri
548 4316 638 4392 putet
657 4310 757 4375 Xuthi
781 4310 882 4377 filium
898 4331 966 4376 esse
984 4309 1118 4376 feminco
1137 4305 1211 4370 dolo
1229 4324 1412 4388 venenoque
1427 4301 1554 4369 st'udect
1570 4300 1710 4384 perdere.
1733 4300 1837 4371 Immo

171 4427 237 4487 tani
260 4437 370 4481 emens
389 4421 438 4481 est
456 4415 553 4489 vitae,
574 4418 611 4477 ut
632 4435 672 4479 ne
694 4422 763 4479 tum
783 4415 925 4497 quidem,
948 4437 1019 4480 cum
1040 4414 1099 4481 deo
1120 4412 1264 4477 adiutore
1284 4408 1374 4495 (ibid.
1391 4431 1418 4475 v.
1435 4414 1515 4475 1196
1533 4408 1594 4491 sq.)
1615 4414 1758 4473 servulus
1779 4408 1840 4475 lon

169 4521 329 4591 crudelem
347 4518 516 4585 veneticam
531 4518 738 4600 persequitur,
759 4524 902 4595 mertem,
916 4540 1011 4603 qunm
1026 4524 1121 4583 sulcu
1135 4515 1351 4588 edrecmerut
1370 4512 1529 4578 constunti
1550 4510 1658 4575 animo
1676 4511 1784 4589 obeat,
1805 4511 1841 4578 id

170 4626 256 4711 quod
279 4623 368 4688 chori
390 4621 523 4688 cucillae
544 4626 640 4688 antea
659 4623 878 4706 gloriabuntur
900 4623 990 4707 (ibid.
1012 4644 1037 4688 r.
1062 4628 1156 4690 loss:
1184 4619 1214 4686 cl
1237 4616 1265 4685 δ’
1289 4615 1406 4704 ἀτελὴς
1429 4619 1647 4693 θάνατος...
1670 4612 1690 4702 ἢ
1711 4618 1844 4704 :rende

172 4728 271 4815 ξίφος
295 4722 316 4812 ἢ
340 4727 470 4807 λαιμῶν
486 4722 607 4813 ἐξάψει
622 4725 744 4813 βρόχον
758 4722 845 4813 ἀμφὶ
862 4729 983 4815 δειρήν,
1007 4723 1136 4793 πάθεσι
1154 4722 1272 4789 πάθεα
1286 4719 1315 4788 d'
1330 4713 1517 4801 ίξανυτοι·σ’
1534 4716 1582 4796 εἰς
1601 4712 1708 4798 ἄλλος
1724 4720 1843 4801 βιότου

173 4831 309 4918 μορφάς
332 4826 480 4893 κάτεισιν
482 4836 514 4910 ),
545 4834 579 4895 et
605 4852 707 4913 seque
728 4838 830 4897 morte
855 4830 980 4897 foedum
1007 4828 1107 4894 scelus
1128 4826 1248 4906 expiet,
1279 4822 1334 4889 sed
1355 4821 1397 4888 ad
1418 4840 1541 4887 sacram
1563 4820 1836 4904 contupictam

173 4953 276 5015 neque
297 4931 386 5012 prius
407 4949 479 4994 enm
498 4927 675 5014 relinquat,
694 4952 791 5016 quom
812 4952 896 4997 mers
915 4951 978 4995 non
999 4929 1134 5011 amplius
1155 4927 1296 4994 timenda
1316 4932 1365 4992 ιιι
1379 4923 1470 5008 (ibid
1488 4946 1517 4992 ι.
1541 4926 1649 5009 1161).
1670 4944 1733 5007 quo
1754 4924 1842 4988 lucto

174 5036 270 5102 nimis
288 5033 428 5119 propitia
447 5033 646 5118 clemensque
668 5033 843 5118 Euripides
854 5034 998 5101 Minerva
1015 5030 1182 5098 scelestum
1199 5038 1333 5097 matrem
1351 5047 1425 5096 cum
1439 5027 1505 5095 lilio
1526 5035 1562 5097 et
1575 5027 1713 5093 numinis
1732 5023 1835 5093 divini

1649 5154 1690 5209 b·
