4236 5624
1770 769 1812 833 43

142 932 173 995 vi
196 935 281 995 totus
302 931 483 1008 conseptus,
507 945 578 990 cum
602 924 758 1007 perfidum
781 924 1021 1004 adulterumque
1045 921 1203 988 Phaedrae
1223 924 1363 988 ammam
1389 926 1527 1007 ignoret.
1558 925 1658 990 multo
1680 928 1810 1008 planctu

141 1033 320 1098 carissimae
349 1029 492 1113 coniugis
522 1032 655 1092 mortem
685 1029 892 1111 conqueritur
914 1051 939 1092 u.
962 1029 1024 1092 836
1044 1049 1128 1109 sqq:
1169 1029 1206 1091 τὸ
1233 1028 1318 1092 κατὰ
1345 1032 1406 1112 γᾶς
1434 1029 1544 1107 θέλω,
1579 1031 1617 1094 τὰ
1641 1033 1726 1096 κατὰ
1749 1036 1811 1118 γᾶς

141 1139 264 1222 κνέφας
285 1139 452 1218 μετοικεῖν
469 1129 578 1217 σκότῳ
600 1126 749 1196 daudati
765 1127 908 1212 τλάμων,
934 1133 990 1215 τῆς
1012 1134 1070 1215 σῆς
1092 1130 1268 1214 στερηθεὶς
1286 1128 1450 1217 φιλτάτης
1465 1128 1601 1215 ὁμιλίας
1613 1186 1620 1200 .
1632 1185 1660 1200 ..
1677 1139 1809 1218 μέλεος,

139 1226 212 1301 οἷον
232 1230 323 1302 aldor
346 1231 449 1319 ὅλγας
469 1233 592 1314 δόμων,
617 1229 657 1298 οὗ
677 1233 798 1318 τλφτὸν
821 1229 899 1300 odda*
922 1231 1031 1325 ῥητόν·
1055 1228 1127 1298 ἀλλ’
1152 1230 1347 1319 ἀπωλόμην·
1369 1233 1492 1323 ἔρημος
1516 1227 1622 1316 οἶνος,
1647 1242 1702 1304 καί
1723 1238 1810 1307 τέκν’

138 1335 374 1428 ὄφφανεύεται.
410 1338 527 1417 Quodsi
548 1338 606 1403 viri
623 1338 788 1403 fortissimi
803 1345 934 1421 propter
950 1338 1126 1419 dismptam
1143 1335 1306 1422 φιλτάτην
1324 1332 1468 1419 ὁμιλίαν,
1492 1362 1556 1424 qua
1568 1364 1639 1407 cum
1655 1344 1809 1410 Phaedria

138 1449 231 1509 erunt
258 1444 433 1518 coniuncti,
464 1443 564 1507 tantis
592 1442 875 1508 lamentationibus
903 1440 1113 1523 ingemiscunt
1144 1436 1318 1519 mortisque
1348 1436 1505 1504 desiderio
1536 1441 1713 1524 indulgent,
1745 1468 1808 1511 non

139 1564 304 1624 possumus
325 1543 450 1615 mirari,
481 1542 507 1605 si
538 1540 665 1606 Admeti
695 1547 729 1606 et
757 1541 892 1607 Menelai
922 1539 1114 1621 profitentur
1142 1538 1282 1604 aeterra
1306 1560 1368 1604 non
1392 1561 1495 1622 posse,
1528 1547 1554 1608 si
1578 1547 1752 1616 Alcestitles
1776 1557 1811 1616 et

141 1645 295 1719 llelunae,
324 1644 511 1709 seminarum
541 1645 680 1726 optimae
701 1650 734 1709 et
764 1646 1010 1727 pulcherrimae,
1040 1643 1101 1707 sibi
1122 1644 1308 1724 eripiantur.
1355 1645 1467 1728 ltaque
1494 1648 1528 1711 in
1552 1650 1664 1715 Alcest.
1686 1676 1712 1719 v.
1737 1659 1809 1720 277.

140 1744 292 1808 Admetus
314 1764 420 1807 caram
442 1742 625 1826 adloquitur
647 1763 777 1808 uxorem
802 1763 862 1824 pro
887 1764 919 1808 se
942 1745 1143 1810 morituram:
1175 1749 1236 1810 σοῦ
1258 1746 1320 1833 yolp
1344 1749 1514 1833 φ3ιιιὲνφς
1536 1747 1641 1817 οὐκέτ’
1665 1749 1705 1817 ta
1725 1753 1808 1840 εἴην·

139 1844 175 1910 ἐν
194 1849 248 1909 ool
269 1843 297 1910 δ’
316 1846 414 1923 ἐσμὲν
431 1847 487 1911 καὶ
511 1846 565 1932 ζῆν
586 1846 640 1910 καὶ
662 1845 721 1931 μή·
746 1847 805 1931 σήν
825 1847 888 1935 γὰρ
909 1848 1026 1934 φιλίαν
1042 1847 1255 1932 σεβόμεσίλα,
1279 1859 1312 1915 et
1334 1852 1378 1916 sic
1399 1854 1539 1919 ostendit
1561 1863 1625 1920 tarn
1648 1866 1719 1923 arto
1735 1882 1807 1926 cum

139 1953 261 2034 optima
282 1951 402 2016 lamina
423 1952 541 2016 amoris
564 1951 701 2034 fideique
724 1951 850 2017 vinculo
878 1975 911 2021 se
942 1976 1008 2021 esse
1031 1955 1248 2027 coniunctum,
1277 1961 1313 2019 ut
1335 1977 1419 2019 mors
1441 1958 1545 2021 minus
1572 1981 1666 2043 grave
1690 1963 1807 2027 rnatum

139 2059 200 2123 sibi
224 2058 368 2121 videatur
395 2079 491 2141 quam
518 2059 598 2136 rita,
628 2059 718 2124 cuius
745 2059 880 2124 dulcedo
909 2079 974 2122 una
1002 2079 1072 2121 eum
1101 2055 1282 2118 dulcissima
1312 2075 1410 2119 uxore
1433 2057 1474 2120 sit
1496 2058 1633 2134 sublata,
1663 2062 1807 2144 quamvis

139 2163 265 2229 dubitet
284 2164 414 2245 aliquis,
435 2185 510 2227 num
533 2185 640 2228 rerum
662 2164 882 2248 sincerumque
905 2165 948 2228 sit
969 2162 1094 2226 Admeti
1117 2160 1228 2224 mortis
1250 2158 1457 2230 desiderium.
1480 2161 1598 2243 quippe
1619 2165 1674 2245 qui
1698 2185 1808 2246 passus

140 2268 184 2332 sit
202 2268 477 2350 generosissimam
497 2266 647 2331 laminam
670 2288 728 2349 pro
752 2289 786 2332 so
808 2267 876 2331 viro
902 2263 995 2335 mori,
1025 2282 1096 2324 cum
1119 2281 1190 2324 oum
1222 2257 1349 2323 deceret
1372 2280 1429 2322 sua
1451 2261 1548 2340 ipsius
1570 2270 1672 2327 morte
1700 2267 1808 2348 potius

140 2372 201 2434 hoc
222 2380 378 2444 avertere,
401 2371 518 2451 quique
540 2392 560 2434 a
581 2374 671 2450 patre
693 2371 886 2452 poposcerit,
911 2375 946 2432 ut
965 2368 1113 2451 quoniam
1134 2386 1230 2428 senex
1252 2369 1334 2428 esset
1352 2371 1384 2427 et
1406 2364 1472 2427 uita
1493 2384 1552 2443 per
1569 2365 1684 2429 multos
1706 2389 1806 2433 anuos

141 2475 274 2547 tructus,
297 2472 436 2554 profilia
458 2474 555 2538 sitam
577 2474 732 2551 obferret,
754 2481 790 2539 ut
813 2477 879 2557 ipsa
896 2475 979 2539 vieo
997 2470 1232 2536 amantissimus
1254 2476 1401 2552 pergeret
1423 2470 1536 2535 viuere.
1574 2469 1636 2534 Sed
1657 2475 1804 2555 quoniam

141 2572 234 2638 simul
257 2594 328 2637 cum
358 2573 439 2637 vitae
461 2593 567 2636 amore
593 2574 919 2640 montisdesiderium
942 2581 1036 2654 poeta
1056 2572 1190 2637 Admeto
1213 2572 1339 2641 tribuit.
1367 2593 1429 2636 non
1452 2573 1604 2639 habemus
1626 2576 1709 2658 quod
1732 2580 1807 2645 huic

141 2689 254 2762 poetae
278 2679 408 2744 consilio
430 2701 640 2762 opponamuus;
661 2703 757 2765 quam
779 2684 820 2746 oh
843 2703 984 2747 cerussam
1006 2679 1077 2744 illas
1097 2675 1252 2740 moriendi
1273 2676 1498 2756 professiones,
1520 2700 1599 2760 quas
1615 2681 1706 2744 modo
1722 2704 1805 2748 com·

143 2784 384 2849 memoravimus
413 2789 446 2848 et
469 2805 523 2849 eas
549 2806 686 2868 quoque,
717 2807 795 2869 quas
821 2788 887 2851 acri
917 2787 1024 2852 dolore
1054 2790 1223 2865 conreptus
1254 2804 1280 2847 v.
1305 2789 1375 2848 864.
1408 2787 1470 2849 866
1490 2807 1534 2867 aq.
1565 2793 1626 2853 397
1647 2810 1713 2872 sqq.
1742 2791 1810 2857 edit

144 2889 309 2966 Admetus,
330 2907 390 2970 pro
411 2888 493 2952 reris
511 2895 545 2954 et
566 2890 697 2955 sinceris
719 2892 863 2973 accipere
886 2893 988 2959 liceat.
1022 2928 1062 2937 -
1092 2889 1208 2971 Magno
1231 2886 1385 2950 moriendi
1409 2887 1566 2953 desideria
1587 2890 1713 2958 deditam
1736 2917 1806 2977 per·

143 3014 238 3058 sonae
266 2994 300 3055 iu
325 3013 365 3057 ea
391 2991 499 3057 tanna
524 2991 693 3076 linguntur,
725 3015 821 3075 quam
851 2994 891 3058 ad
923 2987 1150 3057 restituendum
1180 2987 1318 3051 Helenae
1350 2987 1500 3051 honorem
1530 2990 1808 3078 inteptutumqua

144 3095 312 3177 Euripides
336 3096 478 3162 docuisse
506 3097 637 3172 videtur,
668 3097 707 3161 de
737 3119 801 3181 qua
831 3098 938 3163 sabula
966 3117 1066 3177 pauca
1095 3099 1219 3156 tantum
1252 3091 1310 3155 hoc
1340 3098 1481 3172 tempore
1508 3092 1717 3174 preferantur.
1761 3101 1808 3167 Ao

141 3201 279 3283 primum
300 3199 428 3282 quidem
449 3201 520 3281 ipsa
540 3201 663 3266 Helena
684 3210 850 3284 postquam
870 3224 891 3266 a
911 3200 1031 3264 Teucro
1056 3195 1223 3276 comperit,
1254 3195 1381 3276 quantis
1403 3194 1494 3259 malis
1517 3199 1622 3277 putria
1641 3199 1752 3267 aloinus
1773 3209 1808 3271 et

143 3309 211 3367 tota
231 3300 366 3365 Graecia
385 3306 517 3382 propter
535 3299 667 3365 deorum
690 3303 733 3376 vi,
759 3323 821 3365 non
844 3323 902 3365 suta
923 3300 1084 3365 voluntate
1107 3300 1298 3364 abstractam
1321 3305 1355 3363 et
1377 3301 1575 3365 innocentem
1596 3303 1807 3386 Tyndaridem

142 3406 272 3472 addicta
292 3410 388 3478 esset,
409 3403 628 3486 intellexitque
650 3403 721 3467 aliis
743 3403 869 3468 seminis
887 3424 926 3467 ex
948 3404 1088 3485 corporis
1106 3403 1240 3484 pulchra
1256 3403 1360 3483 specie
1376 3403 1473 3464 vitam
1491 3403 1616 3468 beatam
1634 3412 1808 3487 provenire,

142 3511 204 3575 sibi
227 3509 287 3589 ipsi
309 3505 542 3589 pulcherrimae
565 3506 725 3570 miseriam
747 3511 781 3570 et
802 3505 974 3586 perniciem
997 3506 1065 3588 (cfr.
1088 3505 1157 3569 Hel.
1181 3528 1208 3570 v.
1233 3511 1293 3570 {tull
1316 3506 1385 3588 sq).
1408 3509 1493 3569 omni
1516 3530 1570 3588 ape
1592 3510 1745 3578 destituta
1767 3515 1808 3581 ad

143 3636 213 3680 eam
233 3612 424 3677 sententium
447 3608 620 3686 deducitur,
648 3617 685 3675 ut
707 3615 823 3674 deruis
846 3608 1024 3696 κράιιστιιν
1046 3611 1113 3673 esse
1134 3614 1253 3672 statuat
1275 3616 1308 3672 et
1328 3630 1432 3672 aecum
1456 3610 1622 3688 deliberet,
1652 3618 1810 3698 quomodo

143 3720 262 3801 optime
283 3721 419 3781 mortem
441 3721 573 3796 oppetat
592 3716 683 3800 (ibid.
705 3738 733 3783 v.
757 3719 818 3782 298
839 3716 928 3799 sqq).
980 3714 1066 3790 Quae
1089 3714 1207 3788 omnin,
1237 3719 1272 3775 ut
1293 3712 1356 3776 alio
1380 3712 1449 3776 loco
1472 3714 1638 3791 uidebitur,
1669 3723 1809 3800 prolecto

127 3823 245 3905 ‚magis
266 3819 519 3901 philosophando
542 3826 574 3885 ct
596 3821 690 3885 nimis
711 3820 798 3884 molli
821 3828 916 3901 atque
939 3818 1064 3901 placida
1089 3816 1319 3880 deliberatione
1345 3837 1439 3897 quum
1462 3839 1501 3882 ex
1524 3819 1699 3902 ingentium
1722 3824 1808 3891 dolo·

145 3950 213 3992 rum
236 3926 410 3991 acrimonia
427 3924 670 4007 adsectuumque
689 3924 802 3990 ardore
817 3932 888 3988 orta
909 3945 975 3989 esse
992 3921 1154 3998 videntur,
1177 3919 1257 3982 nihil
1273 3926 1379 3983 tamen
1402 3919 1540 4001 inpedit,
1563 3928 1730 4005 quominus
1749 3928 1808 3993 hoc

144 4030 213 4095 loco
237 4048 343 4092 verum
365 4028 586 4110 sincerumque
605 4029 760 4102 Helenae,
783 4028 908 4110 qualem
931 4025 1099 4105 Euripides
1121 4022 1228 4096 finxit,
1249 4022 1388 4084 antimum
1411 4023 1444 4084 in
1467 4024 1526 4088 hac
1547 4027 1630 4091 tristi
1653 4028 1806 4095 delibera-

143 4139 230 4201 tione
250 4155 469 4219 agnoscamus,
500 4135 687 4215 praesertim
708 4156 779 4199 cum
802 4131 957 4197 moriendi
980 4128 1170 4194 desiderium
1194 4148 1257 4191 non
1279 4128 1390 4193 semel.
1414 4129 1467 4191 aad
1490 4132 1611 4196 inmota
1631 4137 1811 4203 constantia

144 4240 332 4324 profiteatur
349 4237 440 4320 (ibid.
457 4259 483 4324 v,
500 4243 560 4303 353
577 4238 668 4321 sqq).
707 4237 784 4300 ‘lain
804 4235 869 4300 fido
889 4237 973 4300 enim
997 4234 1103 4299 animo
1124 4255 1195 4298 cnm
1219 4234 1363 4298 Menelao
1382 4236 1580 4300 commotam
1603 4247 1698 4319 poeta
1719 4264 1809 4309 auam

144 4345 239 4410 finxit
254 4342 407 4405 llalenam
423 4360 562 4423 -quae
584 4348 653 4406 tota
674 4341 780 4407 aliena
799 4347 849 4406 est
862 4363 881 4405 a
896 4342 1001 4422 prisca
1016 4337 1144 4403 llomeri
1162 4336 1283 4401 llelena
1303 4374 1356 4411 -,
1378 4344 1413 4401 ut
1434 4360 1514 4420 (quae
1534 4340 1612 4405 aliua
1635 4320 1816 4415 voluntario

144 4450 263 4516 amoris
282 4447 405 4526 inpetu,
425 4446 452 4508 si
468 4444 595 4527 quidem
619 4440 700 4528 ὅιφν
719 4445 766 4508 ita
782 4444 987 4528 interpretari
1002 4443 1092 4512 licet.
1116 4440 1261 4506 Paridem
1282 4441 1407 4505 Troiam
1426 4445 1622 4527 sequebatur,
1643 4469 1682 4514 ne
1703 4461 1814 4521 coacta

144 4552 274 4636 quidem
294 4548 525 4632 Theoclymeno
549 4550 668 4613 nubere
692 4547 788 4612 vellet
810 4547 991 4630 nuptiisque
1020 4546 1084 4611 illis
1110 4547 1337 4612 inminentibus
1360 4556 1492 4611 mortem
1517 4549 1614 4613 uiulto
1637 4557 1811 4632 praestabi-

146 4656 256 4720 liorem
279 4659 425 4718 censeret
445 4652 534 4735 (ibid.
556 4675 584 4718 v.
609 4656 671 4717 835
691 4651 782 4735 sqq).
823 4652 894 4728 Qua
914 4649 1068 4716 fidelitate
1089 4652 1264 4732 intimaque
1283 4650 1381 4713 animi
1401 4657 1433 4714 et
1452 4650 1570 4716 blanda
1591 4656 1813 4727 coniunctione

146 4765 321 4826 commotus
343 4758 521 4834 Menelaus,
544 4779 584 4821 no
604 4756 709 4821 minua
731 4777 918 4840 generosum
940 4776 973 4819 se
990 4762 1132 4836 praestet
1152 4754 1200 4819 vel
1219 4773 1327 4817 amore
1346 4754 1448 4817 minus
1468 4754 1669 4835 obstrictum,
1692 4770 1724 4825 et
1744 4764 1811 4844 ipso

147 4861 314 4945 protltetnr
332 4884 359 4929 r.
375 4867 437 4928 84¹)
453 4883 537 4945 sqq:
563 4858 651 4945 κάγώ
674 4861 852 4944 στερηθεὶς
873 4862 935 4924 σοῦ
954 4857 1139 4942 utraque
1157 4856 1242 4935 βίον,
1266 4855 1469 4939 declaratque
1485 4858 1679 4927 obstinatum
1695 4887 1728 4928 se
1744 4887 1812 4932 esse

147 4964 190 5031 ad
211 4971 345 5030 mortem
366 4965 459 5052 (ibid.
482 4963 557 5030 iude
577 4986 599 5029 a
617 4987 645 5032 r.
668 4963 754 5050 983),
774 4963 926 5047 qnoniam
948 4983 1011 5028 uon
1032 4961 1133 5044 possit
1151 4959 1234 5025 serre
1257 4960 1437 5026 carissimae
1458 4965 1565 5028 uxoris
1587 4967 1813 5035 consuetudine

146 5087 264 5135 cerere
311 5067 356 5133 Et
374 5067 509 5135 mudum
528 5066 661 5151 quidem
680 5067 887 5144 tentandam.
916 5073 1048 5151 psopter
1074 5072 1218 5132 mutuum
1244 5085 1383 5131 moram
1409 5065 1524 5135 decere
1552 5070 1717 5156 coniugem
1738 5092 1810 5139 cnm
