4236 5624
328 451 348 516 8

328 616 508 684 Melanthus
529 616 663 683 ancillae
684 616 856 684 maledieta
874 623 907 684 et
928 617 1120 704 Ernymmhi
1140 617 1289 685 acerbam
1304 617 1489 687 inrisionem
1509 625 1545 687 et
1563 625 1703 687 atrocem
1724 621 1993 690 inhumanitatem

330 720 496 807 (adsuerat
516 721 601 786 enim
622 720 724 786 multa
743 722 826 804 pati,
847 721 904 790 cfr.
920 746 941 789 σ
957 728 1036 792 319:
1060 718 1281 810 πολυτλήμων
1292 725 1330 793 δὲ
1350 720 1429 808 μάλ’
1445 724 1541 809 εἰμί),
1566 748 1737 811 numquam
1759 729 1900 811 prodidit
1919 733 1993 815 quis

330 830 415 890 esset
434 824 547 908 quidve
569 824 793 891 meditaretur:
815 848 889 892 nam
910 833 979 892 tum
1000 848 1124 912 quoque
1146 825 1186 893 de
1208 828 1274 893 vita
1291 830 1445 915 agebatur
1465 837 1498 896 et
1518 829 1558 897 de
1579 831 1690 915 gloria.
1721 831 1878 899 insomnis
1898 842 1991 901 nocte

332 927 463 993 lascivos
482 928 670 994 ancillarum
691 950 849 996 sermones
870 929 972 1007 audit,
994 929 1049 996 sed
1068 934 1220 1016 opprimit
1240 935 1321 1002 iram
1337 942 1426 1003 1123:
1448 940 1494 1024 τῷ
1513 932 1542 1002 δ’
1559 931 1625 1024 ἄρα
1647 935 1674 1002 τ’
1687 937 1722 1004 ἐν
1745 937 1846 1026 πείσῃ
1868 939 1989 1027 κραδίη

333 1032 412 1111 μένε
432 1030 586 1118 τετληυῖα
614 1031 802 1115 νωλεμέως,
833 1032 1058 1098 animadvertit
1087 1033 1210 1102 flebiles
1238 1039 1373 1121 gemitus
1401 1061 1543 1108 maerore
1567 1061 1667 1123 paene
1696 1040 1856 1109 coniectae
1883 1046 1994 1111 uxoris

330 1134 421 1218 (ibid.
447 1136 517 1220 92),
548 1157 586 1200 ac
608 1156 647 1201 ne
669 1143 737 1200 tum
758 1133 886 1219 quidem
907 1143 1093 1220 coquentem
1113 1141 1303 1223 praecordia
1320 1143 1402 1210 iram
1423 1166 1587 1228 erumpere
1609 1147 1686 1212 sinit
1708 1170 1779 1213 cum
1800 1171 1821 1214 a
1841 1149 1993 1233 Ctesippo

331 1259 423 1303 crure
445 1237 564 1304 bubulo
586 1239 714 1321 petitur.
756 1239 839 1317 Quid
866 1239 943 1304 facit
969 1241 1016 1305 ita
1036 1241 1162 1309 laesus?
1198 1244 1269 1311 Non
1290 1245 1384 1314 hasta
1404 1248 1539 1332 adrepta
1556 1250 1607 1314 rel
1628 1251 1734 1335 gladio
1755 1256 1790 1317 in
1810 1261 1993 1335 protervum

331 1341 508 1419 hominem,
529 1343 584 1426 qui
605 1348 729 1407 tantum
746 1343 866 1409 facinus
879 1346 1045 1423 commisit,
1068 1350 1213 1430 protinus
1226 1353 1339 1430 inruit,
1362 1353 1417 1421 scd
1432 1352 1569 1441 μείδησε
1586 1359 1686 1442 θυμῷ
1702 1357 1882 1442 σαρδάνιον
1897 1356 1991 1438 μάλα

333 1453 435 1527 τοῖον,
455 1448 532 1515 ibid
556 1455 614 1515 301
638 1469 684 1532 sq.
727 1449 769 1513 Et
789 1471 845 1514 cur
866 1450 1096 1518 haecomnia?
1132 1454 1179 1521 Ne
1201 1458 1396 1525 occasionem
1417 1458 1532 1540 perdat
1552 1458 1802 1524 ulciscendorum
1823 1481 1993 1542 procorum

333 1560 367 1620 et
380 1560 417 1618 ut
429 1554 528 1619 vitam
547 1561 650 1618 servet
667 1553 734 1618 viro
756 1553 830 1618 forti
853 1553 1067 1621 dulcissimum
1082 1557 1245 1626 bonorum
1278 1561 1475 1645 Quamquam
1489 1561 1574 1628 enim
1591 1582 1654 1626 non
1669 1561 1816 1645 ignorant
1831 1562 1993 1627 Homerici

334 1659 478 1725 homiues
499 1658 597 1723 vitam
618 1659 787 1724 humanam
809 1659 964 1725 malorum
985 1660 1189 1746 dolorumque
1211 1684 1279 1729 esee
1305 1663 1433 1746 plenam
1454 1663 1523 1748 (cfr.
1545 1664 1648 1728 locum
1669 1665 1935 1747 spectatissimum
1955 1666 1993 1730 in

334 1788 354 1828 v
371 1770 430 1830 201
448 1782 531 1846 sqq:
552 1765 617 1827 Ζεῦ
639 1760 754 1851 πάτερ,
779 1755 819 1828 oii
832 1786 882 1840 τις
898 1769 970 1829 σεῖο
984 1769 1075 1830 θεῶν
1090 1761 1275 1854 ὀλοώτερος
1296 1763 1408 1847 ἄλλος·
1432 1765 1492 1834 οὐκ
1513 1766 1676 1854 ἐλεαίρεις
1696 1762 1828 1855 ἄνδρας,
1851 1768 1934 1855 ἐπῆν
1949 1770 1991 1854 dr}

336 1867 459 1954 γείνεαι
480 1864 594 1946 αὐτός,
625 1867 822 1954 μισγέμεναι
845 1868 1001 1954 κακότητι
1028 1869 1083 1935 καί
1112 1863 1227 1958 ίίλγεσι
1255 1871 1508 1957 λευγαλέοισιν),
1536 1871 1661 1950 Ulixes,
1689 1873 1815 1956 qualem
1837 1872 1994 1938 Homerus

335 1972 441 2050 finxit,
463 1993 520 2037 nos
540 1970 632 2037 docet
651 1972 748 2036 vitam
769 1992 836 2037 esse
857 1970 986 2053 plurimi
1007 1972 1194 2042 habendam.

464 2080 550 2145 Haec
571 2079 612 2144 de
627 2079 779 2156 Homero,
801 2078 835 2142 in
857 2079 945 2144 cuius
960 2078 999 2146 de
1015 2089 1115 2148 morte
1132 2081 1288 2149 sententia
1302 2078 1501 2144 inlustranda
1516 2079 1543 2144 si
1561 2080 1618 2144 cui·
1632 2080 1744 2164 longus
1761 2079 1856 2144 fuisse
1873 2079 1992 2157 ridear,

336 2189 369 2254 id
395 2189 474 2253 mihi
503 2184 699 2270 probandum
729 2191 813 2262 erat,
841 2185 1067 2268 antiquissimis
1094 2187 1223 2253 Graecis
1250 2187 1363 2261 vitam,
1393 2185 1618 2269 qualiscunque
1647 2191 1742 2260 esset,
1773 2184 1868 2249 finisse
1898 2187 1995 2249 morti

336 2293 622 2377 praestabiliorem,
643 2288 792 2373 quoniam
814 2288 861 2352 vir
874 2288 965 2354 fortis
979 2295 1047 2354 tum
1067 2289 1193 2355 demum
1213 2311 1286 2354 cum
1301 2290 1367 2354 vita
1383 2296 1526 2354 uteretur
1547 2289 1681 2373 gloriam
1702 2287 1834 2370 adipisci
1851 2294 1883 2353 et
1906 2286 1992 2351 felici

335 2398 492 2479 beataque
513 2395 596 2460 vitae
619 2392 801 2458 condicione
822 2391 884 2456 frui
907 2399 1025 2475 posset,
1057 2393 1214 2461 defunctis
1241 2396 1322 2460 nihil
1343 2401 1479 2460 restaret
1499 2395 1562 2459 nisi
1590 2395 1734 2470 tristitia,
1764 2394 1881 2469 luctus,
1909 2391 1991 2457 desi-

336 2504 459 2571 derium
480 2501 572 2566 ritae.
609 2497 699 2575 Quod
712 2503 818 2563 autem
832 2498 977 2564 homines
990 2499 1120 2565 Homeri
1142 2506 1341 2575 censuerunt,
1364 2499 1398 2564 id
1416 2498 1537 2581 priscos
1549 2500 1687 2565 Graecos
1706 2518 1813 2563 omnes
1832 2498 1991 2563 censuisse

337 2631 377 2675 ex
392 2605 544 2674 memoria
559 2608 699 2668 veterum
715 2600 877 2666 hominum
899 2602 1046 2685 adparet:
1069 2606 1096 2670 si
1116 2607 1181 2672 alia
1200 2607 1377 2688 priscorum
1391 2611 1557 2689 poetarum
1578 2606 1719 2670 carmina
1735 2608 1859 2670 servata
1878 2611 1992 2683 essent,

336 2712 363 2777 si
385 2708 573 2793 praesertim
594 2707 661 2772 eius
681 2705 808 2790 generis
828 2707 970 2773 earmina
990 2716 1165 2790 exstarent,
1187 2732 1268 2796 quae
1289 2715 1321 2774 et
1338 2711 1409 2791 ipsa
1429 2710 1469 2775 de
1490 2709 1595 2775 reditu
1609 2711 1746 2775 virorum
1768 2710 1897 2774 fortium
1918 2733 1990 2796 age·

335 2815 415 2882 bant
430 2849 472 2860 -
487 2807 598 2876 νόστοι
614 2849 657 2857 -
672 2810 725 2873 rix
744 2814 792 2874 est
813 2809 944 2875 dubium
961 2812 1038 2895 quin
1057 2813 1172 2880 ardens
1191 2817 1275 2879 vitae
1295 2812 1498 2889 desiderium,
1519 2812 1604 2897 quod
1624 2815 1659 2877 in
1676 2813 1769 2879 Ulixe
1791 2822 1872 2889 crat,
1895 2817 1994 2880 etiam

334 2923 369 2987 in
389 2920 461 2986 aliis
482 2916 616 3002 viguisse
640 2915 859 2980 inveniremus.

463 3023 506 3088 Et
527 3021 611 3106 quod
633 3020 729 3103 prisci
750 3019 797 3083 illi
819 3019 962 3085 homines
983 3027 1160 3098 senserunt,
1183 3020 1216 3084 id
1237 3040 1295 3103 per
1316 3018 1418 3083 multa
1438 3019 1562 3083 saecula
1583 3019 1617 3082 in
1639 3019 1777 3083 omnium
1799 3019 1993 3085 Graecorum

335 3130 448 3196 animis
469 3126 560 3211 quasi
580 3122 712 3188 infixum
730 3122 896 3200 haerebat,
918 3122 1001 3189 unde
1016 3122 1135 3189 lactum
1155 3131 1204 3192 est
1219 3131 1254 3190 ut
1268 3125 1350 3190 laete
1364 3145 1489 3207 semper
1507 3125 1605 3189 vitam
1620 3126 1764 3208 vitaeque
1780 3125 1993 3193 iucunditates

336 3240 526 3320 quaererent
547 3231 705 3313 vitamque
735 3228 850 3293 litteris
880 3230 1016 3294 maxime
1039 3231 1222 3314 artibusque
1250 3231 1431 3298 excolendis
1461 3237 1612 3297 ornarent
1639 3238 1672 3295 et
1699 3252 1732 3295 re
1762 3230 1889 3310 publica
1912 3230 1993 3297 bene

337 3337 571 3417 liberaliterque
592 3330 844 3397 administranda
865 3330 989 3396 dulcem
1009 3338 1043 3397 et
1063 3356 1134 3400 vere
1155 3337 1282 3402 vitalem
1302 3337 1480 3405 redderent.
1522 3337 1564 3401 Et
1585 3342 1670 3401 recte
1691 3336 1828 3419 quidem.
1865 3337 1926 3401 Par
1945 3346 1995 3403 est

336 3420 421 3509 enim
438 3438 618 3506 hominibus
638 3437 760 3501 nullum
782 3437 901 3501 bonum
925 3437 991 3500 rita
1010 3458 1077 3502 esse
1098 3440 1329 3521 praestabilius.
1379 3440 1541 3525 Contingit
1559 3439 1687 3523 quidem
1709 3440 1867 3504 interdum
1890 3443 1992 3507 homi-

337 3550 443 3625 nibus,
465 3548 493 3612 si
514 3544 677 3611 miseriore
696 3548 827 3607 utuntur
842 3542 925 3608 vitae
947 3543 1145 3621 condicione,
1166 3552 1203 3610 ut
1221 3547 1326 3612 verbis
1346 3546 1476 3630 quidem
1496 3551 1631 3611 mortem
1651 3544 1712 3610 sibi
1734 3550 1891 3625 exoptent
1913 3569 1992 3629 quo-

336 3659 424 3723 niam
444 3657 539 3722 finem
560 3650 759 3717 miseriarum
778 3650 813 3713 in
833 3655 935 3714 morte
956 3670 1024 3714 esee
1046 3655 1174 3732 putant3
1196 3651 1222 3714 si
1243 3672 1318 3717 vero
1338 3671 1373 3716 re
1395 3671 1470 3716 vera
1491 3670 1576 3714 mors
1597 3646 1766 3714 exorabilis
1788 3650 1994 3718 exorantibus

339 3762 464 3828 obviam
480 3757 613 3831 venerit,
636 3777 714 3839 quos
728 3754 863 3821 miseriis
882 3753 1047 3831 liberaret,
1062 3759 1131 3819 tum
1146 3755 1287 3838 profecto
1301 3777 1421 3833 omnes,
1441 3775 1536 3838 quam
1549 3758 1644 3819 antea
1655 3751 1894 3827 advolaverunt,
1909 3756 1993 3822 vitae

337 3863 511 3948 cupiditate
534 3860 680 3925 commoti
701 3858 868 3944 effugiant,
897 3858 960 3922 nisi
986 3863 1043 3922 aut
1064 3858 1144 3924 male
1166 3859 1429 3942 philosophantur
1455 3855 1506 3923 vel
1533 3857 1628 3921 nimis
1658 3855 1744 3920 molli
1772 3856 1885 3940 ignavo
1908 3860 1994 3926 tristi

336 3969 444 4035 animo
465 3964 644 4048 indulgent,
665 3970 721 4028 aut
740 3963 861 4028 maiora
881 3961 1047 4045 patiuntur
1067 3983 1163 4044 quam
1183 3961 1266 4027 ferre
1286 3962 1409 4045 possint
1429 3961 1479 4027 rel
1499 3965 1631 4045 cogente
1652 3959 1838 4024 necessitate
1859 3968 1993 4028 mortem

336 4073 468 4145 obeunt,
497 4089 559 4152 qua
580 4066 718 4150 patriam
738 4071 877 4141 servent,
906 4064 1036 4142 liberos,
1064 4064 1269 4149 propinquos,
1290 4066 1435 4131 amicum.
1486 4062 1646 4147 Quidquid
1667 4063 1752 4128 enim
1773 4061 1994 4132 declamarunt

335 4174 530 4260 philosophi,
549 4171 703 4257 quidquid
717 4171 890 4253 disputarit
906 4171 934 4236 is
949 4192 1042 4254 quem
1058 4169 1211 4247 divinum,
1231 4191 1325 4254 quem
1341 4171 1621 4253 sapientissimum,
1642 4191 1735 4252 quem
1751 4170 1992 4252 sanctissimum,

334 4300 428 4363 quem
456 4277 628 4344 Homerum
656 4275 917 4358 philosophorum
944 4275 1105 4359 adpellare
1133 4277 1221 4356 licet,
1252 4273 1396 4341 Socrates
1426 4277 1571 4357 (eumque
1598 4278 1722 4339 secutus
1753 4273 1891 4359 Plato*),
1920 4298 1995 4345 cnm

456 4520 481 4582 *)
504 4517 601 4571 Mirum
619 4532 672 4570 non
694 4523 735 4570 est
758 4516 893 4571 Socratem
913 4516 990 4571 aliter
1013 4516 1047 4571 de
1064 4524 1148 4572 morte
1171 4515 1250 4571 etde
1274 4512 1424 4568 condicione
1447 4511 1630 4567 detunctorum
1653 4519 1713 4579 post
1731 4520 1840 4566 mortem
1858 4516 1994 4571 censuisse

334 4613 415 4673 atque
428 4606 577 4661 Homerum.
613 4604 682 4658 Nam
699 4604 822 4658 Socrates
839 4619 908 4658 nora
923 4611 951 4659 et
967 4604 1063 4658 altiora
1075 4603 1180 4672 petivit,
1202 4600 1325 4671 qnoniam
1336 4597 1445 4653 Homeri
1461 4598 1495 4654 de
1506 4606 1590 4653 morte
1607 4599 1738 4653 sententia
1754 4599 1870 4653 homines
1883 4601 1994 4657 tristitia

334 4692 448 4763 quadarn
471 4701 498 4747 et
516 4692 699 4761 desperatione
717 4693 829 4747 liberare
847 4708 900 4747 non
923 4692 1008 4761 potuit
1028 4706 1114 4760 neque
1137 4691 1253 4761 inprobis
1272 4687 1400 4743 scalmum
1417 4704 1503 4757 poena
1519 4689 1653 4757 proposita
1671 4704 1756 4757 neque
1775 4687 1849 4742 bonis
1868 4691 1935 4744 bene
1952 4691 1992 4745 sa-

332 4788 435 4836 etorum
452 4780 567 4847 praemio
584 4796 669 4850 neque
685 4780 787 4835 miseria
804 4795 989 4836 aerumnarum
1005 4781 1096 4848 requie
1113 4795 1199 4849 neque
1220 4776 1325 4834 omnino
1342 4773 1421 4830 alicui
1444 4776 1633 4833 inmortalitate
1649 4782 1755 4846 praeter
1774 4790 1832 4830 eam
1851 4794 1919 4845 quae
1938 4797 1993 4839 non
