4236 5624
228 572 327 632 untur
346 564 474 651 quidem
494 565 529 630 in
546 563 678 632 Homeri
698 563 891 630 carminibus
911 563 1008 630 multi.
1024 564 1086 632 loci
1108 565 1178 633 loeo
1198 587 1295 650 supro
1315 567 1423 634 adlato
1443 567 1643 654 simillimi*),
1663 588 1704 633 ex
1723 567 1840 652 qmbus
1861 569 1890 633 si

231 674 303 758 quis
330 671 453 738 efficere
475 670 571 736 vellet
595 669 774 735 Homericis
791 669 971 735 homiuibus
992 670 1128 736 mollitia
1148 671 1286 756 quadam
1306 672 1356 739 rel
1376 672 1596 756 desperatione
1619 692 1727 736 rerum
1748 672 1890 736 omnium

230 776 393 842 commotis
418 782 552 841 mortem
577 773 738 840 interdum
763 794 821 856 per
848 795 881 840 se
903 774 1110 857 expetendam
1132 775 1182 841 vel
1208 776 1380 859 optabilem
1400 777 1501 842 visam
1529 796 1610 853 esse,
1642 774 1734 840 valde
1755 782 1888 842 erraret

230 881 312 948 Sunt
337 880 464 965 quidem
492 881 600 946 δειλοί
619 881 767 946 mortales
788 881 838 946 vol
859 879 1032 960 καμόντες,
1067 902 1131 945 non
1158 880 1307 968 μάκαρες
1326 883 1408 947 ment
1428 881 1481 946 dei
1501 886 1534 946 et
1554 881 1608 964 qui
1639 879 1778 945 feliciore
1804 880 1889 943 vitae

231 983 412 1051 condicione
433 991 573 1062 utuntur,
594 984 768 1064 Phaeaces3
790 983 845 1049 sed
865 982 965 1048 Orcus
986 983 1136 1066 quoniam
1158 981 1328 1066 ἀμείλιχος
1349 993 1382 1052 et
1405 982 1598 1067 ἀδάμαστος
1621 991 1682 1061 est,
1708 985 1890 1067 adpellatur

231 1092 321 1152 θεῶν
343 1087 497 1167 districtos
519 1082 676 1150 ἁπάντων
695 1086 725 1170 (Ι
749 1089 807 1152 158
827 1085 894 1173 sq),
917 1093 950 1151 et
969 1086 1165 1168 Eurylochus
1186 1085 1267 1153 Solis
1288 1089 1383 1155 boves
1404 1095 1613 1163 mactaturus,
1637 1089 1752 1172 quibus
1772 1088 1888 1154 famem

228 1190 355 1267 toleret,
375 1190 468 1254 dicit:
494 1187 615 1265 πάντες
632 1188 692 1269 μὲν
713 1191 865 1272 στυγεροὶ
886 1189 1031 1254 θάνατοι
1048 1193 1187 1256 δειλοῖσι
1208 1197 1378 1273 βροτοῖσιν
1394 1199 1431 1275 (μ
1448 1194 1532 1274 311).
1562 1193 1643 1258 Nam
1658 1199 1782 1258 tantum
1796 1194 1888 1258 abest

228 1304 265 1361 ut
285 1319 369 1363 mors
396 1296 494 1360 autimi
521 1294 776 1377 perturbationes
798 1295 944 1378 vitaeque
971 1297 1161 1360 acerbitates
1187 1297 1279 1362 tollat
1305 1288 1354 1362 vel
1383 1298 1432 1375 id,
1464 1297 1549 1381 quod
1577 1304 1687 1378 pectus
1713 1297 1887 1360 humanum

228 1402 343 1466 altiora
366 1399 518 1480 adpetens
540 1397 714 1474 desiderat,
744 1397 923 1479 suppeditet
952 1403 984 1461 et
1005 1396 1148 1478 expleat,
1178 1406 1215 1462 ut
1235 1399 1314 1465 haec
1335 1420 1402 1464 sors
1423 1401 1465 1463 sit
1486 1398 1682 1472 mortalium,
1711 1404 1747 1461 ut
1768 1399 1886 1462 mortui

230 1508 326 1573 etiam
347 1505 538 1569 inteliciores
559 1503 645 1567 fiant
687 1503 813 1586 Optime
835 1504 894 1568 hoo
917 1526 955 1567 ex
977 1504 1110 1568 Achillis
1132 1503 1263 1567 tristitia
1283 1503 1417 1584 adparet
1430 1503 1534 1580 (titt
1551 1503 1641 1588 sqq),
1662 1502 1750 1566 cuius
1771 1502 1889 1566 umbra

226 1610 277 1675 rel
299 1610 459 1691 anima**)
479 1601 710 1692 ὀλοφυρομένη
734 1609 821 1675 Ulixi
843 1608 972 1673 Peliden
1003 1609 1218 1674 felicissimum
1239 1609 1434 1690 praedicanti
1455 1607 1626 1689 respondet
1646 1607 1740 1671 malle
1761 1629 1794 1671 se
1816 1609 1885 1670 ruri

227 1715 410 1796 θητευέμεν
433 1707 522 1796 ἄλλοι
543 1706 563 1797 ἢ
585 1718 686 1778 πᾶσιν
706 1716 853 1780 νεκύεσσι
874 1716 1159 1798 καιαφῧιιιέιοισι
1182 1708 1442 1797 furdomum).
1491 1712 1595 1794 Atque
1615 1710 1700 1775 idem
1720 1712 1774 1793 qui
1798 1711 1886 1774 vivus

226 1817 307 1883 adeo
334 1816 453 1900 gloriae
481 1817 612 1899 cupidus
641 1824 724 1894 erat,
752 1824 790 1883 ut
815 1825 977 1884 aeternam
1006 1821 1138 1904 gloriam
1161 1818 1275 1901 (κλέος
1306 1810 1463 1901 ἄφθιτον,
1492 1817 1590 1882 1413
1613 1816 1694 1901 sqq.)
1724 1815 1829 1880 reditu
1849 1816 1884 1879 in

227 1922 365 2004 patriam
387 1926 419 1984 et
444 1920 538 2004 longa
559 1923 624 1985 vita
653 1922 809 2002 potiorem
838 1921 981 1998 duceret,
1013 1923 1089 1986 satis
1111 1924 1230 1987 sciebat
1250 1923 1360 2006 quanti
1382 1922 1447 1985 vita
1470 1925 1552 1985 esset
1574 1917 1881 2003 aestimandaque

228 2032 286 2092 401
311 2024 400 2108 sqq),
430 2045 619 2107 quamquam
641 2024 760 2108 gloriae
787 2025 992 2106 cupiditatem
1017 2025 1155 2089 nondum
1176 2027 1369 2109 expleverat,
1400 2025 1455 2091 sed
1483 2026 1588 2107 potius
1610 2025 1783 2090 timendum
1806 2030 1882 2099 crat,

225 2142 264 2199 ut
290 2136 416 2198 omniuo
437 2135 555 2218 gloriae
584 2136 744 2216 particeps
770 2134 868 2199 fieret.
897 2124 899 2128 ¹
919 2134 1029 2216 Neque
1055 2134 1154 2198 solum
1176 2132 1315 2196 Achilles
1336 2132 1469 2195 tristitia
1497 2131 1638 2196 adiectus
1659 2133 1708 2196 vel
1730 2131 1880 2195 humilem

226 2239 324 2303 vitam
345 2239 478 2319 imperio
499 2244 694 2303 mortuorum
723 2239 901 2320 anteponit,
934 2243 1002 2302 tota
1027 2238 1151 2300 Νέκυια
1174 2258 1254 2319 quae
1277 2235 1393 2298 dicitur
1418 2235 1452 2298 iu
1480 2255 1517 2299 eo
1546 2235 1741 2315 potissimum
1763 2236 1881 2298 versari

225 2338 357 2414 ridetur,
387 2346 423 2402 ut
444 2339 628 2404 ostendatur
655 2345 772 2423 quanto
794 2342 876 2406 vitae
898 2341 1054 2407 desiderio
1076 2341 1131 2423 qui
1153 2342 1218 2429 yita
1240 2345 1349 2403 carent
1370 2347 1546 2402 teneantur.
1601 2338 1664 2404 Vix
1686 2340 1769 2403 enim
1791 2360 1883 2403 sacra

225 2444 344 2508 fecerat
368 2443 490 2511 Ulixes.
513 2464 584 2506 cum
604 2450 731 2508 caterva
751 2450 958 2519 mortuorum,
980 2444 1095 2526 quibus
1117 2443 1172 2520 νὺξ
1191 2439 1272 2527 dicei
1294 2442 1425 2507 obtenta
1445 2448 1494 2508 est
1516 2441 1553 2527 (λ
1573 2442 1632 2527 19),
1654 2442 1695 2507 ad
1716 2451 1881 2507 cruentum

225 2553 323 2610 ruunt
344 2545 550 2608 libamentum
571 2566 671 2628 neque
686 2546 726 2610 ab
743 2547 836 2612 Ulixe
858 2547 918 2611 nisi
941 2546 1050 2610 stricto
1071 2544 1176 2629 gladio
1190 2551 1321 2629 possunt
1336 2546 1481 2623 retineri,
1503 2547 1579 2629 quin
1599 2545 1727 2612 inferias
1743 2548 1881 2614 Tiresiae

348 2741 371 2802 ‘l
392 2735 444 2790 Cir.
463 2737 646 2804 1112981111.;
672 2743 699 2791 Σ
712 2740 753 2793 33.
772 2739 820 2792 98:
846 2761 861 2791 κ
880 2738 1006 2801 .’)11.49Ῑ;
1025 2743 1039 2789 λ
1059 2736 1179 2801 2ῖ781μ
1202 2758 1222 2806 μ
1243 2735 1295 2788 350
1312 2750 1365 2800 sq.;
1391 2737 1475 2791 0353
1493 2754 1546 2803 sq.;
1573 2761 1592 2790 ιι
1614 2741 1663 2792 105
1681 2756 1751 2806 sqq.;
1779 2763 1795 2793 ο
1814 2746 1880 2805 2023

225 2852 241 2884 υ
259 2830 292 2882 61
310 2843 381 2893 sqq:
407 2846 426 2893 q
445 2824 509 2881 iet:
531 2846 552 2877 ω
570 2824 629 2880 1313.
669 2824 728 2877 Nou
747 2826 797 2876 huc
816 2827 947 2892 pertinent
967 2826 1003 2878 illi
1022 2825 1085 2887 loci,
1107 2823 1201 2890 quibus
1225 2823 1342 2876 homiues
1360 2822 1497 2891 fiirguutur
1515 2835 1624 2879 mortem
1642 2837 1782 2896 propterea
1800 2848 1880 2900 expe-

222 2926 325 2975 tentes,
348 2923 376 2969 ut
396 2915 480 2967 tucius
497 2913 601 2980 aliquod
623 2913 672 2966 sibi
689 2922 841 2981 comparent
859 2914 968 2967 honum:
992 2921 1019 2966 ,V
1033 2914 1096 2977 426,
1124 2915 1147 2962 0
1164 2910 1327 2975 sat-4993
1347 2918 1369 2962 Ρ
1383 2911 1546 2966 ets-42⁴2:
1566 2919 1593 2965 Σ
1610 2917 1673 2980 lla:
1694 2922 1721 2967 Χ
1741 2918 1790 2969 108
1806 2934 1879 2985 sqq:

224 3010 250 3059 ,Q
268 3007 327 3059 226.
357 3001 428 3068 Quos
446 3001 516 3052 locos
534 3000 556 3052 si
574 3000 765 3066 comparaveris
782 3013 840 3050 cum
859 3001 1052 3067 superioribus,
1071 2999 1148 3052 facile
1165 2998 1281 3051 invenies
1300 3013 1439 3066 numquam
1458 2998 1484 3052 in
1501 2998 1582 3053 Iliade
1601 3001 1669 3053 viros
1687 3001 1768 3055 tortas
1785 3006 1881 3059 nhuiae

223 3090 347 3142 mollitiae
365 3098 393 3138 se
411 3085 529 3149 stetisse,
550 3084 596 3137 sed
615 3085 742 3138 Achillem
761 3099 878 3137 maerore
900 3086 976 3138 occisi
996 3086 1072 3137 amici
1089 3093 1242 3153 conreptum
1261 3092 1370 3138 mortem
1389 3087 1438 3138 sibi
1461 3093 1580 3152 optasse.
1605 3089 1627 3140 si
1645 3103 1704 3140 cum
1722 3090 1809 3143 ulcisci
1827 3109 1879 3146 uon

223 3185 325 3244 posset.
346 3180 373 3225 et
392 3174 433 3223 vix
454 3174 570 3238 putuisse
588 3173 710 3236 retineri,
734 3173 796 3240 quin
815 3189 908 3227 manus
930 3174 981 3226 sibi
998 3174 1120 3235 interret,
1145 3175 1238 3237 Peleo,
1256 3175 1277 3226 si
1295 3174 1429 3227 tortissimi
1449 3174 1608 3227 Graecorum
1625 3184 1732 3244 prepter
1749 3179 1878 3244 ignaviam

222 3266 329 3321 infamia
345 3263 462 3330 adspersi
482 3270 584 3326 essem,
603 3263 666 3316 nihil
684 3263 801 3317 futurum
819 3263 900 3318 tuisse
918 3266 1059 3332 reliquum,
1084 3264 1133 3318 uisi
1151 3270 1181 3315 ut
1198 3261 1232 3312 ad
1249 3260 1346 3313 inferos
1364 3261 1478 3313 animum
1496 3261 1660 3327 demitteret,
1680 3280 1712 3317 ue
1730 3265 1785 3331 ipse
1804 3268 1877 3321 rivus

221 3354 341 3422 igniariae
359 3367 437 3404 onere
455 3360 624 3419 prenrerctur.
660 3351 720 3404 Alia
737 3352 804 3404 ratio
822 3351 890 3405 inest
909 3353 934 3404 in
957 3353 1056 3418 aliquot
1073 3350 1208 3419 Odysseae
1232 3349 1295 3401 locis
1316 3364 1396 3417 supra
1415 3349 1517 3414 citatis,
1541 3354 1713 3406 recentiorum
1733 3362 1877 3424 temporum

221 3440 368 3495 homiuibus
387 3457 438 3493 uou
457 3455 566 3506 promus
583 3439 683 3492 aliems.
709 3469 742 3477 -
767 3439 843 3492 Hauc.
860 3441 1039 3507 qtmestiouem
1057 3439 1102 3507 qui
1120 3436 1271 3491 adcuratius
1289 3437 1447 3503 investigare
1471 3438 1542 3501 vult,
1568 3439 1686 3506 inspiciat
1707 3442 1740 3494 de
1758 3459 1789 3495 ea
1807 3445 1876 3511 quod

220 3526 342 3580 disseruit
362 3525 542 3592 Naum-letech
562 3526 732 3579 llomerische
755 3527 897 3595 Theologie
919 3529 980 3582 edit.
1004 3529 1078 3583 alter.
1106 3543 1160 3580 cur.
1185 3525 1342 3579 Autenrieth
1360 3528 1412 3582 356
1432 3543 1503 3594 sqq,
1529 3528 1641 3583 maxime
1664 3532 1827 3599 art-:tra
1850 3546 1876 3591 et

220 3608 428 3673 Anmerhuugcn
446 3625 492 3660 zur
510 3609 572 3661 Ilias
589 3615 612 3661 Γ
629 3626 651 3660 v.
673 3609 725 3662 278
743 3625 781 3677 sq.
800 3611 833 3664 de
851 3613 956 3665 vocibus
973 3615 1060 3666 δειλοὶ
1077 3621 1173 3682 βροτοί
1189 3621 1216 3668 et
1235 3611 1376 3684 καμόνιες.

343 3696 380 3761 **)
398 3695 437 3746 Oe
455 3695 644 3762 siguificatione
663 3696 801 3751 Homerica
815 3705 912 3768 ψυχῆς.
932 3698 1055 3759 εἰδώλου,
1072 3702 1183 3755 alionum
1205 3701 1350 3762 verborum,
1370 3717 1438 3769 quae
1455 3703 1506 3755 huc
1523 3705 1664 3770 pertinent.
1682 3708 1749 3760 cont.
1769 3710 1875 3766 Nitzsch

218 3782 375 3839 erklarende
394 3784 556 3850 Aumorhgg.
572 3800 618 3836 zur
636 3783 753 3852 Odyssea
770 3786 807 3838 111
819 3803 845 3854 p.
860 3787 910 3840 188
926 3803 984 3856 sqq.
1005 3798 1032 3841 et
1048 3787 1228 3855 Naegelsbach
1247 3789 1323 3845 Hom.
1342 3791 1434 3843 Thool.
1450 3806 1476 3858 p.
1494 3790 1545 3846 380
1563 3807 1628 3858 sqq..
1651 3794 1695 3846 uhi
1713 3797 1822 3850 aliorum
1842 3800 1875 3855 de

218 3875 260 3929 his
279 3874 358 3928 rebus
377 3874 513 3941 opiniones
530 3873 633 3926 adlatas
649 3880 677 3926 et
694 3875 856 3928 examinatas
875 3876 998 3929 iuvenies.

338 3965 392 4023 m)
414 3962 525 4016 Prorsus
543 3960 675 4029 discrepat
693 3959 762 4028 quod
781 3961 829 4013 hoc
847 3962 903 4014 loco
920 3962 1050 4016 Achillem
1068 3963 1131 4016 iacit
1149 3975 1228 4032 poeta
1245 3965 1375 4020 dicentem
1392 3968 1427 4020 ab
1445 3985 1476 4023 eo
1495 3969 1564 4037 quod
1575 3969 1666 4024 Cicero
1683 3972 1746 4026 dicit
1765 3977 1789 4028 iu
1808 3989 1873 4033 urat.

217 4054 330 4122 Philipp.
348 4056 389 4111 10.
405 4057 431 4110 9.
445 4053 488 4104 iu:
514 4052 633 4118 Optanda
649 4064 777 4112 moreest,
797 4071 861 4117 price
880 4055 974 4103 ciciliae
989 4054 1111 4104 Romanis
1130 4073 1225 4120 sempor
1242 4059 1295 4121 sicit
1312 4059 1427 4108 servitute
1444 4062 1536 4123 potior,
1555 4058 1632 4110 aliam
1650 4060 1759 4113 aliorum
1777 4071 1874 4132 tempo·

218 4158 276 4194 rum
295 4141 442 4195 hominibus
459 4155 517 4193 esse
535 4137 664 4193 sentiendi
682 4138 809 4191 rationem
827 4137 949 4204 probans.
993 4139 1050 4194 Nec
1066 4140 1159 4193 numm
1178 4150 1218 4194 est
1235 4143 1258 4195 si
1276 4142 1410 4196 Lucienus
1426 4143 1453 4197 in
1472 4144 1574 4212 Dialog.
1593 4146 1683 4198 Mortt.
1704 4147 1745 4207 15,
1768 4153 1778 4202 1
1802 4153 1876 4205 Auti-

219 4232 321 4285 lochum
339 4232 413 4285 fiuxit
436 4229 562 4285 Achillem
580 4227 752 4292 inridentem,
776 4227 845 4294 quod
871 4227 974 4281 humilis
992 4237 1019 4282 et.
1041 4229 1128 4297 ignari
1152 4229 1264 4299 Phrygis
1282 4245 1368 4295 more,
1392 4232 1437 4298 qui
1455 4232 1525 4285 ritae
1544 4247 1628 4300 aequo
1647 4237 1777 4288 amantior
1796 4248 1875 4303 esset,

218 4334 269 4370 nou
290 4327 317 4370 ut
340 4318 408 4369 Pelei
428 4317 508 4370 tilium
527 4315 646 4379 deceret,
666 4315 732 4369 haec
749 4313 782 4368 de
800 4330 828 4368 se
849 4316 905 4382 ipse
922 4315 1080 4381 protulisset.
1119 4314 1306 4368 Abhorrebant
1325 4321 1397 4369 certe
1415 4315 1526 4370 Luciaui
1543 4318 1667 4384 aequales
1684 4336 1701 4372 a
1717 4321 1825 4390 simplici
1843 4324 1876 4377 de

218 4404 297 4457 rebus
315 4406 434 4457 luuruuis
453 4401 582 4457 sentiendi
602 4402 725 4465 veritate,
743 4416 798 4467 qua
816 4401 945 4453 Homerici
963 4400 1080 4453 homines
1098 4401 1182 4454 inbuti
1200 4408 1284 4457 eraut
1328 4400 1420 4471 Neque
1438 4405 1521 4457 solum
1539 4404 1650 4458 Luciani
1669 4409 1807 4474 aequahs,
1829 4410 1875 4463 sed

217 4497 268 4549 iam
294 4492 432 4557 Euripides
454 4494 479 4545 in
505 4491 591 4545 Orest.
611 4507 635 4544 ι.
656 4491 723 4543 1509
743 4490 875 4558 ignaviam
897 4488 1031 4557 Phrygum
1054 4489 1223 4555 perstrinxit,
1248 4490 1294 4557 qui
1317 4506 1421 4547 smum
1447 4494 1590 4562 Phrygium
1614 4493 1744 4549 dicentem
1763 4497 1872 4552 taceret:

218 4585 361 4650 πανιαχοιῑ
379 4586 425 4641 {fv
441 4581 492 4648 vidi»
505 4587 615 4654 μᾶλλον
627 4578 644 4649 ἢ
655 4587 755 4635 θανεῖν
767 4587 823 4642 κοῖς
840 4575 992 4648 σώφροσιν.
1028 4575 1171 4644 Quaerenti
1189 4574 1300 4631 Orestae
1315 4595 1338 4631 v.
1353 4579 1432 4634 1521:
1451 4583 1552 4641 δοῦλος
1565 4578 1604 4633 ὢν
1617 4591 1702 4652 σοβεῖ
1713 4583 1761 4638 ιὸν
1773 4585 1873 4656 Ἅιδην,

218 4666 248 4732 ὃς
259 4671 283 4724 σ’
298 4665 447 4728 ιὶιιιιὶλιῗεει
467 4674 567 4731 κακκᾶν,-
585 4669 653 4724 idem
670 4667 825 4736 respondet:
845 4671 901 4729 πᾶς
912 4662 991 4742 strip,
1011 4663 1065 4721 xciv
1076 4669 1175 4729 δοῦλος
1188 4658 1203 4742 ᾖ
1217 4688 1263 4736 τις,
1281 4668 1374 4739 ἥδεται
1387 4670 1418 4727 rd
1432 4675 1494 4744 σαῖς
1505 4670 1583 4743 ὁρᾶν.
1619 4672 1735 4740 Quorum
1753 4691 1875 4731 versuum

216 4757 350 4811 Lucienus
373 4753 521 4807 meminisse
539 4755 649 4814 videtur.
