4236 5624
340 712 378 773 16

338 877 491 943 malorum
513 875 622 956 inpetu
644 871 735 955 quasi
754 869 846 934 sraeti
866 877 898 934 et
914 868 953 933 de
974 888 1029 949 spe
1045 866 1157 931 melius
1175 865 1241 932 iere
1262 871 1377 936 deiecti
1400 872 1442 936 ad
1464 879 1677 955 contemptum
1697 894 1805 937 rerum
1823 872 2010 939 divinamm

339 982 607 1060 humanarumque
630 997 664 1040 se
692 978 911 1038 converterent
939 978 971 1035 et
1002 969 1142 1053 antiquis
1168 969 1293 1054 legibus
1319 976 1444 1040 violatis
1472 975 1659 1041 libidinibus
1679 977 1894 1061 indulgerent,
1923 978 2010 1042 nihil

339 1085 490 1148 interesse
511 1082 573 1147 rati
601 1081 686 1144 inter
707 1078 899 1160 probitatem
921 1084 954 1141 et
976 1076 1221 1159 inprobitatem,
1249 1081 1305 1146 sed
1327 1082 1387 1147 hee
1406 1084 1511 1164 petius
1537 1083 1743 1165 spectandum
1765 1105 1832 1148 esse
1853 1090 1889 1148 ut
1909 1105 2009 1166 prae·

339 1189 481 1256 sentibus
508 1189 599 1253 benis
622 1208 717 1270 quam
743 1186 878 1249 manime
902 1190 934 1249 et
961 1206 1056 1267 quam
1078 1183 1242 1251 celerrime
1271 1184 1459 1265 fruerentur,
1489 1186 1644 1272 ἐφήμερα
1665 1185 1707 1251 τά
1729 1210 1766 1250 τε
1787 1187 1928 1267 σώματα
1951 1188 2013 1252 καὶ

341 1295 381 1359 τὰ
402 1291 556 1382 χρήματα
579 1287 704 1372 ὁμοίως
726 1283 901 1373 ἡγούμενοι
924 1288 970 1371 (2,
992 1287 1055 1372 53).
1101 1290 1188 1366 Quae
1211 1290 1340 1373 quidem
1361 1292 1446 1357 ritae
1467 1291 1675 1374 despicientia
1696 1291 1796 1356 atroci
1818 1290 2011 1355 inmanitate

341 1401 476 1465 maxime
498 1393 818 1461 Lacedaemoniorum
840 1391 919 1456 adeo
941 1399 1034 1458 aucta
1056 1398 1119 1469 est,
1141 1397 1176 1455 ut
1197 1413 1265 1457 mes
1284 1395 1532 1461 increbresceret
1554 1397 1594 1461 ab
1612 1397 1797 1460 humaniore
1809 1394 2008 1459 Graecorum

341 1503 469 1587 ingenie
489 1498 699 1564 alienissimus
723 1503 832 1577 capas
853 1497 957 1561 hostes
978 1519 1041 1562 non
1063 1500 1097 1562 in
1117 1501 1302 1568 servitutem
1322 1505 1480 1571 abducere
1502 1505 1571 1582 sed,
1600 1504 1684 1589 quod
1705 1504 1913 1569 barbarorum
1936 1506 2009 1566 erat

343 1618 376 1674 et
396 1608 547 1674 ferocium
569 1605 724 1688 gentium,
747 1605 812 1667 rita
831 1604 962 1684 privare.
1004 1603 1136 1670 Constat
1155 1608 1273 1688 primes
1294 1610 1559 1675 Lacedaemonios
1580 1609 1800 1675 Thebanorum
1821 1605 2009 1688 inplacabili

343 1713 416 1778 odio
432 1711 684 1790 obtemperantes
707 1706 740 1784 ἐς
761 1706 801 1770 τὰ
823 1705 918 1770 κοινοὶ
937 1711 1001 1771 τῶν
1015 1712 1301 1794 Λακεδαιμονίων
1316 1716 1441 1799 νόμιμα
1465 1717 1519 1782 καὶ
1543 1717 1577 1795 ἐς
1598 1715 1676 1793 τοὺς
1695 1713 1881 1803 προγόνους
1898 1716 1942 1800 (3,
1954 1714 2012 1799 59)

344 1839 472 1901 pecasse
494 1824 526 1880 et
554 1816 785 1879 Plataeensium
815 1815 926 1880 urbem
956 1837 1027 1880 eum
1056 1822 1177 1887 civibus
1205 1821 1349 1886 omnibus
1377 1844 1455 1906 quos
1477 1828 1627 1906 ceperant
1654 1817 1789 1897 ἑκόντας
1811 1821 1868 1885 καὶ
1896 1826 2014 1907 χεῖρας

347 1919 609 2009 προϊσχομένους
631 1956 674 1965 —-
701 1912 776 1982 ὁδέ
799 1917 900 1997 νόμος
921 1923 991 1993 τοῖς
1016 1917 1154 2006 Ἕλλησι
1184 1927 1229 2010 μὴ
1253 1921 1391 1988 κτείνειν
1413 1923 1550 2002 τούτους
1569 1925 1659 2010 (ibid.
1681 1925 1736 2009 58)
1759 1962 1801 1970 -
1824 1921 1859 1987 ἐκ
1883 1925 2014 2002 παντὸς

346 2031 406 2092 τοῦ
424 2022 614 2110 Ἑλληνικοῦ
637 2018 841 2106 πανοικηοίᾳ
862 2021 951 2105 (ibid.
975 2023 1029 2108 57)
1053 2029 1227 2105 sustulisse,
1257 2048 1327 2091 eum
1349 2028 1440 2093 initio
1459 2030 1666 2096 Athenienses
1686 2029 1801 2110 prieris
1820 2027 1860 2093 de
1880 2030 2010 2112 Mytile-

348 2132 436 2197 naeis
456 2130 511 2213 qui
531 2128 713 2193 defecerant
734 2124 961 2190 interficiendis
982 2130 1106 2194 consilii
1125 2134 1314 2215 poeniteret,
1336 2132 1383 2197 ita
1407 2141 1453 2198 ut.
1479 2156 1670 2218 quamquam
1693 2132 1789 2198 Cleon
1809 2133 2015 2199 clementiam

347 2240 382 2297 et
407 2227 654 2295 misericerdiam
676 2226 715 2289 iis
737 2225 957 2306 exprobrarat,
988 2232 1216 2299 constituerent
1236 2236 1357 2301 erudeli
1383 2240 1541 2302 sententia
1566 2239 1719 2323 abrogata
1739 2231 1848 2318 (ὠμὸν
1868 2236 1907 2302 τὰ
1927 2239 2011 2319 βού-

347 2336 453 2415 λευμα
483 2333 537 2398 καὶ
567 2330 653 2415 μέγα
682 2327 782 2393 πόλιν
813 2326 892 2413 ὅλην
917 2331 1119 2415 διαφθεῖραι
1146 2336 1275 2416 μᾶλλον
1301 2333 1324 2422 ἢ
1354 2333 1391 2403 οὗ
1419 2339 1497 2416 τοὺς
1527 2339 1670 2418 αιέιόυς,
1699 2340 1776 2406 ibid.
1799 2340 1853 2423 36)
1882 2341 2014 2407 Diodoti

348 2441 479 2524 aequius
498 2446 530 2504 et
551 2437 661 2500 utilius
682 2435 848 2499 consilium
867 2437 956 2518 sequi
978 2444 1010 2501 et
1033 2445 1177 2504 auctores
1199 2447 1323 2505 tantum
1344 2442 1530 2508 defectionis
1551 2466 1672 2527 summo
1688 2443 1824 2509 adficere
1843 2444 2012 2526 supplicio.

349 2544 461 2608 Postea
482 2553 588 2605 11111111
608 2539 705 2603 etiam
726 2539 935 2603 Athenienses
956 2562 993 2604 eo
1015 2542 1211 2608 crudelitatis
1233 2548 1307 2607 sunt
1328 2547 1485 2628 progressi
1508 2551 1543 2608 ut
1563 2545 1883 2610 lacedaemoniorum
1905 2570 2012 2613 exem-

351 2651 438 2732 plum
460 2648 575 2711 imitati
596 2644 762 2709 Scienaees
781 2651 814 2709 et
833 2644 944 2709 Melies
966 2667 1074 2711 omnes
1097 2655 1198 2713 morte
1220 2650 1393 2715 multarent
1409 2660 1450 2731 (5,
1474 2656 1523 2717 32.
1551 2649 1631 2734 116).
1672 2650 1790 2714 Tantus
1812 2651 1896 2714 enim
1918 2673 2011 2716 exar-

352 2759 436 2819 serat
456 2752 520 2815 illis
541 2749 736 2831 temporibus
758 2750 934 2812 animorum
957 2751 1044 2815 furor
1066 2759 1217 2835 tantaque
1239 2755 1344 2819 rabies
1365 2762 1398 2820 et
1418 2755 1607 2836 inpotentia,
1640 2762 1758 2817 utnon
1780 2754 1881 2818 solum
1902 2763 2016 2836 patres

352 2863 385 2926 in
408 2860 488 2924 filies
516 2858 673 2922 saevirent
695 2861 726 2920 et
750 2856 878 2937 publiea
899 2856 999 2923 salute
1029 2858 1176 2922 simulata
1197 2859 1281 2924 cives
1301 2861 1335 2923 in
1355 2861 1475 2925 civibus
1496 2861 1636 2940 privatas
1657 2858 1841 2921 iuimicitias
1862 2880 2017 2942 exseque-

350 2976 460 3033 rentm·
478 2965 573 3047 inque
594 2961 792 3026 adversanos
814 2983 852 3023 ex
868 2961 945 3041 ipsis
966 2961 1097 3026 deorum
1115 2961 1243 3042 templis
1257 2962 1405 3043 abreptos
1421 2982 1512 3043 omne
1530 2960 1677 3041 supplicii
1698 2981 1797 3044 genus
1814 2958 2018 3040 adhiberent,

351 3070 407 3136 sed
435 3070 522 3151 ipsae
554 3066 699 3130 mulieres
726 3085 744 3127 a
767 3064 842 3128 belli
872 3064 1008 3147 negotiis
1038 3085 1072 3128 se
1103 3085 1165 3127 nen
1188 3064 1386 3130 abstinerent
1415 3072 1448 3131 et
1478 3071 1605 3147 praeter
1633 3071 1779 3128 naturam
1800 3067 2016 3148 pugnantium

352 3175 504 3239 clamores
527 3177 559 3236 et
577 3170 730 3233 tumultus
751 3167 1165 3251 1111111111111111111.3,74),
1203 3167 1273 3232 Non
1294 3171 1408 3234 mirum
1429 3170 1527 3254 igitur
1542 3170 1568 3233 si
1584 3168 1667 3233 haud
1682 3190 1755 3232 raro
1769 3169 2017 3235 inveniebantur

352 3280 421 3362 qui,
440 3300 512 3341 cum
532 3278 559 3339 is
581 3281 663 3340 esset
685 3294 789 3337 rerum
812 3271 1009 3352 publicarum
1037 3278 1136 3335 status
1159 3272 1209 3336 vel
1230 3273 1258 3336 is
1278 3294 1403 3358 pugnae
1427 3274 1545 3349 exitus,
1575 3278 1611 3336 ut
1635 3278 1692 3336 aut
1713 3272 1840 3335 omnino
1863 3272 1963 3336 vitam
1981 3296 2017 3339 se

352 3383 466 3467 degere
489 3402 579 3462 pesse.
602 3385 657 3441 aut
679 3383 763 3440 certe
785 3376 895 3457 aequis
917 3373 1154 3438 condicionibus
1176 3377 1279 3444 vivere
1302 3379 1442 3460 superati
1464 3399 1592 3459 sperare
1615 3398 1678 3440 non
1700 3383 1841 3457 possent,
1863 3377 1924 3458 ipsi
1947 3378 2011 3443 sibi

353 3493 486 3550 mortem
508 3483 752 3555 consciscerent,
781 3485 816 3542 ut
837 3478 1029 3542 Timocrates
1053 3479 1320 3544 Lacedaemonius
1348 3482 1381 3545 in
1412 3502 1520 3566 pugna
1535 3502 1633 3563 prope
1655 3479 1853 3561 Naupactum
1874 3502 1909 3545 re
1932 3483 2019 3549 male

353 3602 442 3675 gesta
462 3597 493 3665 ⁶2,
516 3594 557 3653 112
580 3594 612 3651 et
635 3586 802 3667 optimates
824 3583 989 3666 Corcyraei
1011 3587 1042 3656 3,
1066 3586 1123 3661 81,
1150 3594 1184 3661 4,
1215 3590 1255 3652 48
1279 3589 1388 3668 (etiam
1408 3597 1518 3670 postea
1540 3587 1708 3669 Crinippus
1731 3585 1853 3652 Siculus
1879 3611 1952 3653 eum
1975 3591 2018 3656 ab

352 3696 512 3778 iphicrate
535 3698 644 3773 eaptus
670 3695 754 3754 esset
776 3688 855 3751 lieu.
877 3686 959 3750 Hell.
982 3691 1010 3762 6,
1032 3691 1061 3761 2,
1084 3693 1133 3765 36,
1156 3689 1395 3755 Andromachus
1416 3692 1512 3756 Eleus
1532 3713 1639 3776 pugna
1660 3693 1700 3756 ab
1722 3692 1899 3759 Arcadibus
1920 3717 2017 3778 supe-

353 3806 440 3865 ratus
462 3795 537 3863 ibid.
561 3802 589 3872 7,
613 3801 644 3867 4,
670 3799 717 3858 19.
766 3791 838 3855 Alia
859 3791 1003 3875 exempla
1028 3789 1134 3855 adfert
1159 3789 1376 3875 Naegelsbach
1397 3791 1571 3857 Naehhom
1600 3791 1706 3857 Theol.
1729 3812 1759 3873 p.
1781 3798 1842 3858 393
1864 3797 1933 3878 sq).
1976 3797 2021 3862 Et

354 3903 432 3967 haee
454 3898 559 3962 emnia
579 3896 672 3959 initio
693 3893 769 3959 belli
792 3897 976 3969 evenerant3
1005 3896 1116 3973 postea
1137 3896 1205 3955 tota
1225 3892 1359 3959 Graecia
1378 3895 1474 3960 etiam
1496 3896 1595 3980 magis
1617 3896 1872 3961 commovebatur
1892 3905 1926 3963 et
1947 3923 2019 3967 mo-

353 4028 424 4070 rum
439 3999 637 4082 simplicitas,
658 3996 813 4079 probitas,
835 3996 950 4076 pietas,
973 3993 1161 4077 quibuscum
1181 3997 1279 4061 animi
1300 3997 1484 4083 magnitudo
1505 4000 1641 4064 manime
1663 3999 1830 4065 coniuncta
1845 4023 1913 4066 esse
1928 4005 2025 4084 solet,

352 4111 470 4177 inrisae
493 4111 526 4169 et
545 4121 672 4183 prorsus
693 4098 835 4162 sublatae
858 4104 931 4161 sunt
952 4095 999 4180 (3,
1024 4097 1092 4181 83);
1116 4119 1189 4162 uam
1210 4109 1245 4163 ut
1271 4101 1340 4183 ipse
1361 4100 1558 4186 Thucydides
1582 4108 1614 4180 3,
1636 4108 1676 4169 82
1698 4103 1792 4167 dicit:
1824 4098 1841 4168 ὁ
1870 4104 2026 4190 πόλεμος

353 4210 485 4299 ὑφελών
500 4208 557 4292 τὴν
574 4200 735 4291 εὐπορίαν
750 4205 809 4266 τοῦ
826 4197 904 4265 καθ’
921 4200 1046 4289 ἡμέραν
1063 4201 1177 4284 βίαιος
1199 4206 1402 4284 διδάσκαλος
1423 4205 1478 4271 καὶ
1503 4205 1588 4293 πρὸς
1609 4206 1650 4271 τὰ
1667 4207 1818 4293 παρόντα
1838 4207 1897 4287 τὰς
1917 4205 2025 4296 ὀργὰς

353 4317 572 4386 adventicia
596 4308 726 4396 ὁμοιοῖ,
755 4312 803 4375 ita
831 4318 867 4373 ut
888 4320 960 4391 post
980 4309 1103 4376 cladem
1131 4313 1328 4379 Siciliensem
1349 4320 1381 4378 et
1402 4334 1542 4398 pugnam
1564 4313 1649 4396 apud
1670 4315 1772 4398 Aegos
1793 4314 1910 4380 flumen
1932 4339 2024 4383 eom·

355 4425 482 4489 missam
502 4421 536 4484 111
558 4425 682 4483 tantum
702 4417 850 4480 timorem
870 4426 903 4480 et
922 4415 1148 4480 infractionem
1167 4414 1326 4499 quandam
1346 4413 1444 4477 animi
1466 4420 1499 4478 et
1518 4413 1738 4478 demissionem
1753 4413 1904 4478 caderent
1916 4415 2024 4483 Athe-

356 4530 478 4592 nienses
499 4525 606 4606 (ciri,
627 4531 683 4588 75:
706 4520 872 4608 κατήφειιζ·
894 4522 930 4587 τέ
952 4546 1002 4598 εις
1025 4521 1095 4603 ἅμα
1119 4524 1174 4586 καὶ
1197 4517 1412 4605 κατάμεμψις
1434 4521 1529 4602 σφῶν
1551 4511 1660 4580 αὐτῶν
1684 4517 1792 4601 nolti}
1808 4510 1856 4601 ἦν,
1879 4522 1961 4596 118,
1983 4524 2029 4607 1)

357 4639 474 4695 utnon
495 4631 594 4695 solum
616 4628 747 4703 occisos,
770 4627 825 4691 sed
847 4625 946 4690 multo
967 4625 1068 4710 magis
1094 4648 1127 4692 se
1148 4630 1235 4711 ipses
1250 4628 1305 4711 qui
1321 4626 1404 4689 ritae
1427 4625 1612 4706 superstites
1633 4629 1738 4689 essent
1758 4624 2029 4705 lamentarentur,

356 4757 428 4800 cum
447 4735 610 4809 iniuriam,
638 4755 734 4817 quam
753 4733 814 4813 ipsi
837 4733 940 4797 Meliis
962 4731 1128 4798 Scionaeis
1149 4733 1258 4798 multis
1277 4730 1349 4795 aliis
1376 4728 1521 4812 neglecta
1545 4727 1742 4794 humarutate
1763 4727 1959 4807 intulissent,
1991 4733 2030 4798 in

355 4861 389 4905 sc
404 4859 471 4903 esse
493 4837 738 4901 redundaturam
759 4841 910 4916 putarent
928 4835 1022 4921 (Xan.
1042 4834 1125 4902 Hell.
1149 4843 1183 4913 2,
1206 4843 1240 4913 2,
1263 4835 1306 4918 3).

483 4939 545 5006 Sed
565 4962 603 5004 ne
624 4943 656 5004 in
678 4943 737 5007 hac
759 4941 887 5026 quidem
908 4949 1089 5024 temporum
1112 4944 1280 5027 iniquitate
1302 4937 1448 5004 meliores
1468 4936 1676 5019 desperarunt
1698 4933 1746 5000 vel
1768 4934 1865 4999 vitam
1888 4935 2029 5016 profun-

354 5049 493 5117 dendam
521 5065 587 5112 esse
617 5046 846 5113 existimarimt
892 5045 985 5110 Multi
1018 5045 1145 5112 sublata
1172 5045 1319 5111 libertate
1348 5045 1381 5106 et
1407 5040 1529 5107 amissis
1555 5037 1701 5113 omnibus
1728 5058 1809 5121 quae
1837 5038 2035 5110 hominibus
