4236 5624
215 713 258 777 88

218 869 320 936 tristis
340 864 447 950 puella
469 869 505 928 ut
526 861 673 927 ultimam
693 856 933 940 desperantium
954 855 1159 940 medicinam,
1180 881 1245 927 non
1265 881 1431 943 possumus
1450 860 1636 944 inprobare,
1664 858 1725 926 sed
1743 860 1891 928 1111111·-

219 994 291 1041 mur
302 967 470 1053 Aeschylo,
490 964 545 1050 qui
567 963 638 1030 loni
657 961 826 1028 tormentis
839 959 1020 1042 exagitatae
1035 957 1115 1024 haec
1131 960 1246 1026 tribuit
1257 961 1356 1028 verba
1372 984 1401 1028 v.
1411 967 1474 1028 '150
1484 982 1546 1045 sq:
1570 963 1727 1048 apsidum
1740 958 1896 1041 εἰσάπαξ

219 1065 376 1158 brachii
397 1072 458 1149 τὰς
479 1065 617 1145 ἁπάσας
639 1060 765 1154 ἡμέρας
788 1058 928 1143 πάσχειν
949 1063 1069 1140 κακῶς.
1090 1099 1135 1111 -
1153 1063 1307 1134 Similiter
1324 1067 1361 1132 in
1380 1064 1468 1148 Sept,
1487 1065 1559 1132 adv,
1574 1064 1673 1132 Theb,
1692 1065 1802 1130 omi,
1824 1065 1891 1148 φᾶ

219 1199 334 1263 expers
354 1174 500 1242 Eteocles
521 1171 645 1238 nullum
664 1166 752 1233 videt
778 1165 980 1233 miseriarum
999 1163 1185 1245 terminum,
1213 1167 1335 1233 nnllam
1363 1166 1521 1232 malomm
1540 1165 1769 1231 inminentium
1789 1164 1889 1231 medi.

220 1289 326 1356 cinam
345 1284 408 1350 nisi
430 1303 514 1358 eam,
535 1299 633 1364 quam
653 1277 722 1359 ipse
745 1274 806 1340 sibi
827 1277 922 1356 paret
949 1269 1124 1338 moriendo.
1175 1268 1247 1335 Suis
1268 1270 1355 1336 enim
1380 1269 1566 1347 sceleribus,
1595 1290 1654 1337 sua
1672 1268 1892 1351 inprudenfia

219 1413 279 1459 sua
296 1389 436 1455 violenta
457 1404 534 1469 erga
559 1382 693 1447 fratrem
714 1376 862 1461 perfidia,
884 1396 942 1440 sua
962 1372 1099 1455 denique
1120 1370 1275 1453 inpietate
1296 1375 1330 1436 et
1351 1368 1507 1436 scelerata
1523 1369 1696 1436 insolentia
1716 1371 1759 1438 ab
1780 1371 1890 1437 hastili

221 1494 365 1565 exercitu
382 1491 459 1557 urba
480 1488 587 1573 patria
601 1485 729 1551 obsessa
741 1489 798 1552 est
826 1480 948 1546 Vetant
968 1478 1057 1543 dirae
1076 1475 1178 1558 patris
1197 1494 1308 1557 preces
1322 1495 1394 1539 eum
1405 1472 1542 1541 11111111
1555 1494 1589 1540 se
1602 1475 1745 1540 visurum
1758 1496 1888 1558 sperare

221 1598 292 1685 (111.
312 1619 339 1661 r.
359 1600 422 1662 695
443 1593 538 1677 sqq),
565 1588 717 1672 inpendet
742 1584 852 1652 πάλαι
880 1585 995 1670 γένους
1023 1577 1159 1667 φθορά,
1189 1578 1252 1661 ipsi
1282 1576 1328 1641 dii
1349 1597 1414 1642 uon
1434 1575 1572 1658 amplius
1592 1583 1707 1643 curant
1726 1577 1891 1660 perditun

222 1699 339 1782 Oedipi
365 1695 466 1761 filium
493 1691 584 1776 (ibid.
603 1712 631 1754 v.
653 1690 745 1774 702),
779 1685 859 1770 quid
888 1684 988 1769 igitur
1016 1678 1142 1745 dubitet
1168 1680 1313 1747 Eteocles
1340 1685 1476 1746 mortem
1502 1688 1668 1764 oppetere,
1695 1689 1734 1748 11
1760 1683 1892 1766 prolum

223 1805 378 1890 sangiune
399 1800 585 1882 inpietatem
606 1795 725 1877 expiet,
754 1792 882 1874 expleat
902 1789 1005 1874 patris
1023 1807 1149 1869 preces,
1177 1789 1329 1873 antiquae
1353 1788 1464 1871 stirpis
1484 1787 1551 1854 lubi
1572 1789 1761 1869 1111111111,
1788 1797 1892 1859 monh

224 1912 363 1997 denique
383 1908 418 1974 id
439 1907 572 1973 fortasse
592 1903 794 1986 adsequatur,
815 1905 852 1965 ut
872 1899 933 1964 riri
954 1897 1047 1963 sortis
1067 1895 1185 1962 1111111
1206 1893 1269 1958 sibi
1290 1897 1385 1975 paret
1404 1892 1475 1978 (cfr.
1494 1912 1524 1960 v.
1543 1896 1616 1960 683.
1636 1891 1738 1978 7113)1

350 2011 459 2093 Qualis
483 2008 570 2092 apud
597 2004 789 2089 Aeschylum
815 2001 974 2077 Eteocles,
1002 1997 1078 2062 talis
1103 1993 1297 2077 Sophocleus
1327 1992 1459 2077 fingitur
1483 1991 1656 2078 Polynices
1699 1991 1785 2060 Nam
1805 1994 1893 2063 iden

225 2131 275 2196 est
294 2121 409 2196 scelus,
434 2116 546 2184 eadem
570 2106 590 2198 ἡ
614 2109 724 2176 πάλαι
746 2108 861 2194 γένους
886 2099 1022 2193 φθορά,
1055 2099 1188 2168 eaedem
1213 2097 1293 2164 laesi
1320 2096 1423 2179 patris
1450 2116 1576 2179 preces,
1606 2095 1745 2162 eundem
1766 2099 1894 2184 utrique

224 2229 318 2296 tratri
345 2228 473 2290 cautum
499 2216 668 2283 ediderunt
695 2212 748 2279 dei
775 2211 918 2290 oracula3
946 2209 1038 2275 dccet
1064 2208 1165 2292 igitur
1191 2203 1386 2289 Polynicem,
1420 2201 1547 2283 culpam
1571 2207 1610 2266 ut
1630 2200 1752 2283 expiet,
1783 2202 1896 2269 eodm

226 2349 289 2416 quo
310 2327 409 2392 frater
428 2317 588 2386 constanti
609 2315 795 2396 muceroque
817 2308 974 2376 moriendi
996 2308 1154 2375 desiderio
1175 2309 1210 2372 in
1228 2328 1370 2392 pugnam
1390 2327 1497 2384 ruere,
1518 2310 1557 2370 ut
1575 2310 1688 2371 mutua
1707 2305 1810 2372 caede
1831 2306 1893 2372 ira·

225 2440 319 2501 terna
339 2424 507 2495 concidens
528 2418 662 2487 eandem
681 2417 741 2481 viri
760 2415 851 2482 sortis
871 2415 991 2479 lamam
1009 2410 1203 2494 adsequatur
1223 2409 1291 2489 (cfr.
1302 2407 1379 2475 Oed
1396 2407 1503 2474 Colon
1517 2430 1545 2474 v.
1568 2413 1659 2476 1265.
1685 2412 1776 2476 12991
1801 2414 1894 2477 taut.

231 2541 322 2603 1³31.
346 2536 427 2598 1351
448 2549 516 2611 sqq.
541 2521 652 2609 1404),
680 2541 783 2604 neque
806 2524 910 2603 potest
932 2518 1015 2582 hanc
1035 2515 1077 2582 ob
1098 2535 1242 2580 caussam
1263 2512 1426 2597 Polynices
1449 2510 1627 2594 Antigonae
1648 2510 1753 2576 sorori
1772 2532 1895 2579 morem

228 2657 340 2727 gerere
362 2631 480 2705 oranti,
508 2634 545 2692 ut
571 2624 745 2692 exercitum
767 2624 868 2708 Argos
889 2620 1045 2686 reducens
1065 2641 1168 2703 neque
1196 2619 1336 2702 patriam
1357 2615 1471 2699 perdat
1491 2635 1595 2699 neque
1622 2636 1656 2680 se
1677 2615 1786 2698 ipsum
1804 2616 1897 2701 (ibid.

228 2771 257 2814 1.
282 2747 364 2810 1416
385 2759 462 2822 sqq„
483 2731 626 2816 Aeschyl
650 2728 735 2812 Sept
760 2727 830 2795 adv.
852 2725 950 2792 Theb.
973 2747 1001 2791 v.
1024 2731 1085 2791 677
1108 2722 1201 2809 sqq).
1232 2761 1276 2770 —-
1309 2720 1413 2785 Multa
1433 2719 1577 2801 peccauit
1596 2718 1724 2784 Iocasta
1742 2725 1779 2784 et
1797 2720 1897 2786 animi

228 2850 358 2918 levitate
380 2848 412 2909 et
437 2838 573 2922 inproba
595 2833 785 2919 procaeique
807 2830 939 2896 deorum
969 2828 1184 2913 neglegentia:
1217 2829 1306 2911 inpie
1327 2832 1442 2892 conata
1462 2832 1511 2892 est
1537 2826 1700 2891 internam
1718 2827 1895 2909 reprimere

228 2974 350 3028 vocem,
371 2970 435 3033 qua
455 2966 545 3013 mens
562 2944 689 3025 integra
708 2942 862 3014 mouetur,
884 2937 999 3018 cnlpae
1020 2941 1128 3000 autem
1150 2934 1277 2999 conscia
1296 2933 1435 3016 angitur,
1457 2937 1582 2999 etcum
1602 2931 1668 2996 iam
1688 2951 1809 3014 pravus
1828 2935 1894 3000 aui·

228 3081 299 3129 mus
312 3053 488 3141 praesagit,
509 3067 573 3132 quo
587 3043 723 3110 conubio
737 3062 810 3107 cum
827 3038 949 3121 Oedipo
965 3039 1063 3106 fuerit
1080 3041 1249 3106 coniuncta
1267 3040 1393 3124 regina,
1414 3039 1522 3105 studet
1536 3038 1633 3103 ctiam
1646 3044 1716 3104 1111
1729 3041 1900 3123 quominn

228 3165 347 3234 ueritas
367 3160 402 3224 11
422 3157 527 3220 lucem
547 3147 728 3232 proteratur
746 3142 891 3226 inpedire
911 3143 1094 3210 incredibili
1115 3142 1241 3209 cuidam
1258 3149 1292 3208 et
1311 3143 1463 3209 scelestae
1482 3141 1649 3226 indulgens
1669 3143 1805 3212 levitati,
1833 3144 1897 3212 Sed

229 3265 324 3334 foeda
342 3260 533 3326 inmiserunt
558 3251 644 3318 mala
671 3248 747 3314 irati
775 3247 834 3324 dii,
869 3247 963 3313 loeda
987 3247 1110 3331 flagitia
1137 3268 1197 3312 nec
1226 3252 1323 3313 antea
1350 3267 1501 3329 umquam
1530 3246 1642 3312 audita
1668 3247 1744 3316 dira
1771 3251 1897 3336 Erinys

230 3389 313 3455 quae
334 3365 466 3445 stirpem
494 3356 636 3440 exagitat
664 3349 932 3417 labdacidarum:
962 3370 1028 3413 non
1056 3355 1162 3431 potest
1190 3371 1229 3415 ea
1257 3350 1399 3432 perferre
1420 3349 1535 3432 Oedipi
1563 3356 1666 3417 mater
1694 3358 1729 3418 et
1749 3356 1899 3423 coniunx

230 3475 308 3540 'lam
327 3469 414 3535 enim
443 3461 666 3548 gravissunt,
698 3459 865 3536 tantopere
894 3472 1021 3517 omnem
1046 3451 1307 3535 perferendorum
1326 3452 1483 3517 malornm
1504 3451 1635 3516 modum
1660 3454 1836 3535 excedunt,
1861 3464 1898 3523 nt

230 3576 342 3660 regina
369 3586 499 3653 prorsus
526 3581 639 3642 exspes
666 3564 699 3624 et
725 3555 881 3622 scelerum
910 3554 1166 3641 flagitiorumque
1193 3558 1286 3640 quasi
1313 3557 1454 3640 pondere
1484 3556 1650 3622 submersa
1675 3557 1719 3622 ad
1740 3560 1899 3644 μέγιστοι

228 3676 310 3745 illud
329 3670 518 3759 φάρμακον,
540 3662 684 3747 quamuis
702 3680 776 3726 acre
797 3661 839 3724 sit
858 3665 892 3725 et
908 3661 1072 3740 acerbum,
1091 3663 1262 3748 confugere
1275 3664 1462 3740 constituat,
1483 3683 1547 3746 quo
1563 3663 1800 3746 neglegentiam
1813 3667 1898 3733 vitu

230 3777 393 3859 animique
421 3770 585 3836 levitatem
613 3765 720 3847 expiet
749 3763 976 3844 (11101111.
1003 3772 1081 3834 1241
1105 3768 1197 3853 sqq).
1231 3806 1274 3814 -
1304 3767 1410 3849 Atque
1436 3766 1535 3831 comis
1559 3766 1689 3850 quidem
1713 3769 1841 3854 ingenii
1866 3778 1900 3838 et

185 3960 189 3967 ⁸
229 3879 356 3951 honesti
378 3874 562 3942 Deianiram
583 3870 676 3935 finxit
694 3869 880 3952 Sophocles;
904 3870 961 3936 scd
982 3891 1054 3935 cnm
1073 3871 1152 3937 laesi
1172 3872 1291 3937 amoris
1311 3870 1449 3936 stimulis
1469 3871 1594 3937 concita
1613 3870 1655 3936 ad
1675 3893 1749 3939 earn
1769 3875 1897 3957 rapitur

226 3981 478 4071 inprudentiam,
509 3984 545 4042 nt
572 3998 682 4042 carum
709 3975 874 4052 maritum,
902 3976 938 4040 in
966 3998 1030 4060 quo
1051 3979 1154 4044 omnis
1174 3975 1287 4042 domus
1308 3996 1384 4040 snae
1408 3996 1481 4056 spes
1500 3980 1571 4040 erat
1596 3976 1716 4057 posita,
1748 3977 1897 4046 horribili

228 4091 360 4159 adficiat
380 4083 484 4159 clade,
513 4080 641 4166 qualem
660 4101 720 4146 nec
741 4078 872 4144 Iunonis
893 4077 1099 4164 inplacabilis
1119 4080 1170 4142 ira
1191 4096 1250 4140 nec
1272 4074 1370 4139 durus
1390 4074 1588 4159 Eurystheus
1607 4076 1638 4140 ei
1659 4075 1797 4156 invexit,
1829 4085 1897 4145 tun

226 4190 327 4257 Oenei
349 4191 459 4253 natam
479 4183 571 4248 decet
591 4181 657 4245 vita
678 4179 808 4262 profusa
829 4180 1056 4264 inprudentiae
1077 4201 1197 4263 poenas
1217 4180 1322 4261 luere3
1343 4201 1417 4245 nam
1441 4179 1497 4262 ζῆν
1520 4178 1819 4256 sexcentenum
1837 4175 1897 4248 1111

228 4287 416 4373 ἀνασχετόν,
447 4283 521 4373 ἥτις
549 4283 701 4373 προτίμᾳ
729 4283 774 4369 μὴ
807 4285 891 4369 κακὴ
923 4286 1110 4372 πεφυκέναι
1130 4286 1256 4371 (ibach
1278 4309 1306 4353 1.
1330 4291 1391 4351 721
1415 4285 1485 4368 sq).
1544 4284 1709 4349 Constanti
1737 4285 1842 4371 igitur
1867 4294 1902 4353 et

230 4397 353 4464 sincero
373 4389 531 4459 moriendi
545 4387 716 4463 desiderio,
737 4390 887 4472 quoniam
904 4389 1033 4457 deserta
1054 4393 1097 4458 sit
1116 4389 1384 4477 (111111.905)11
1406 4389 1442 4452 in
1462 4388 1620 4471 reliquum
1640 4395 1767 4471 tempu
1786 4391 1901 4458 liberis

230 4499 368 4564 caritura
377 4495 467 4581 (ibid.
479 4518 507 4562 1.
519 4495 609 4577 911),
631 4493 715 4558 latus
734 4491 841 4577 gladio
863 4493 1035 4560 1111111111
1055 4494 1228 4576 desperans
1242 4490 1410 4566 Deianira,
1431 4489 1489 4555 sed
1506 4511 1545 4556 ne
1560 4495 1629 4554 tum
1643 4493 1775 4575 quidem
1788 4495 1903 4575 oblita

230 4620 326 4684 quam
339 4620 447 4664 mares
462 4596 596 4661 luissent
608 4595 694 4660 11111
714 4594 944 4673 iucunditateS,
965 4595 1006 4660 cle
1028 4596 1144 4679 quibus
1163 4597 1225 4663 sibi
1247 4601 1332 4662 esset
1352 4595 1571 4661 decedendum
1585 4597 1677 4681 (ibid.
1687 4620 1716 4664 v.
1726 4605 1792 4667 919
1805 4609 1901 4687 sqq).

228 4739 270 4749 -
292 4699 401 4782 h'eque
422 4701 594 4767 sceleribus
614 4700 750 4766 obnoxia
772 4722 874 4785 neque
897 4701 1121 4783 inprudentiae
1142 4724 1261 4785 poenas
1281 4702 1387 4780 luens,
1415 4701 1472 4768 scd
1492 4701 1617 4786 ingenti
1636 4704 1795 4771 malorum
1815 4707 1903 4774 mule

225 4823 379 4889 oppressa
399 4802 509 4868 infelix
529 4805 687 4891 Eurydice
708 4812 844 4874 mortem
865 4809 1031 4892 qnaesivit
1060 4807 1172 4892 Neque
1193 4813 1314 4875 temere
1330 4808 1392 4872 hoc
1408 4805 1522 4871 iecisse
1535 4806 1670 4874 ridetur.
1698 4805 1786 4874 llam
1797 4810 1900 4878 intu-

223 4910 344 4977 iectum
366 4907 559 4991 Megareum,
580 4912 682 4993 patris
704 4910 892 4978 crudelitate
908 4918 1069 4978 mortuum
1085 4912 1293 4991 Haemonem,
1314 4912 1427 4978 mortis
1439 4917 1603 4978 auctorem
1616 4913 1785 4994 maritum,
1804 4919 1901 4986 orbe

223 5023 290 5083 tam
304 5017 527 5099 desertamque
542 5014 683 5097 domum,
701 5018 851 5085 amissam
866 5038 997 5088 omnem
1009 5018 1126 5085 nehus
1140 5017 1207 5084 fore
1222 5037 1327 5100 spem,
1346 5015 1427 5084 haec
1442 5020 1537 5082 tanta
1551 5014 1641 5082 mala
1651 5036 1694 5083 ne
1708 5037 1749 5085 ea
1766 5020 1904 5104 quidm
