4236 5624
304 471 324 535 6

306 653 428 699 summo
441 634 490 698 sui
511 632 657 698 servaudi
677 633 783 699 studio
797 634 926 702 Ulixem
943 636 1087 704 deditum
1105 637 1202 707 trime
1220 640 1258 722 (α
1274 645 1310 706 bs
1332 632 1513 727 ἀρνύμενος
1534 632 1574 727 ἣν
1590 637 1726 728 ψυχήν),
1746 663 1768 708 a
1785 663 1848 728 quo
1863 644 1971 711 studio

307 757 478 819 numquam
500 735 644 814 descivit,
672 736 727 802 sed
757 741 912 822 propositi
940 743 1158 808 tenacissimus
1186 748 1345 826 postremo
1374 743 1409 810 id
1430 744 1548 822 effecit,
1578 745 1661 829 quod
1689 767 1747 829 per
1768 752 1970 827 tutaremus,

307 862 366 924 per
387 850 435 907 tot
456 842 652 920 discrimina,
674 864 732 926 per
755 852 803 909 tot
825 846 981 928 pericula,
1002 847 1087 931 quod
1108 854 1197 914 terra
1212 851 1369 933 marique,
1391 851 1475 933 quod
1497 852 1582 933 apud
1600 851 1731 930 inferos,
1750 855 1835 937 quod
1851 857 1968 940 ubique

307 945 447 1012 locorum
469 952 598 1012 strenuo
619 949 740 1025 animo,
769 950 853 1033 quod
883 951 1030 1032 precibus
1052 951 1159 1028 minis,
1190 951 1264 1018 dolo
1284 955 1328 1030 vi,
1356 953 1481 1018 insidiis
1505 955 1616 1036 inpetu
1646 955 1831 1038 adpetierat.
1882 960 1971 1026 Licet

309 1050 413 1136 igitur,
436 1059 472 1116 ut
493 1072 589 1134 supra
603 1053 752 1130 vidimus,
773 1057 934 1136 praesenti
956 1057 1094 1141 quodam
1115 1063 1147 1121 et
1168 1057 1235 1122 acri
1257 1057 1356 1122 animi
1376 1057 1504 1123 adfectu
1520 1065 1693 1124 commotus
1709 1061 1858 1127 audacius
1873 1087 1971 1146 quam

308 1154 412 1219 verius
439 1158 538 1220 vitam
569 1164 768 1223 contemnere
798 1161 983 1244 patriaeque
1014 1161 1171 1228 desiderio
1204 1162 1368 1228 tabescens
1395 1164 1475 1229 mori
1504 1171 1614 1247 optare
1643 1166 1789 1233 videatur
1816 1168 1900 1234 fumo
1929 1171 1970 1236 de

308 1266 421 1348 patriis
443 1265 521 1329 iocis
544 1271 727 1348 conspecto,
750 1265 826 1330 licet
847 1267 967 1351 ingenti
989 1269 1097 1333 dolore
1119 1268 1292 1349 perculsus,
1314 1267 1413 1350 quod,
1441 1290 1513 1333 cum
1533 1269 1639 1351 patria
1659 1270 1724 1334 iam
1744 1270 1778 1334 in
1799 1283 1968 1353 conspectu

309 1371 433 1445 fuisset,
455 1368 538 1432 male
561 1367 666 1449 cupidi
688 1369 764 1432 socii
787 1369 913 1435 fatalem
936 1373 1101 1437 solvissent
1122 1379 1237 1448 utrem,
1259 1392 1365 1436 secum
1387 1374 1556 1455 reputarit,
1581 1382 1687 1439 utrum
1707 1374 1746 1440 de
1768 1399 1846 1442 nave
1869 1381 1966 1460 prosi-

308 1472 390 1538 liens
411 1473 446 1535 in
468 1492 554 1535 mare
576 1493 609 1536 se
631 1470 770 1537 deiceret
792 1495 833 1537 an
860 1475 987 1540 silentio
1010 1476 1223 1540 calamitatem
1243 1476 1400 1558 perferret
1421 1478 1580 1561 vitamque
1602 1479 1766 1557 toleraret,
1797 1504 1968 1565 numquam

309 1585 417 1644 tamen
438 1577 577 1641 animum
603 1575 651 1639 ita
681 1575 807 1641 demisit
828 1584 864 1641 ut
885 1579 932 1645 rei
954 1578 1079 1645 sortiter
1100 1587 1132 1646 et
1159 1580 1332 1663 prudenter
1360 1583 1518 1667 gerendae
1543 1585 1637 1666 inpar
1658 1592 1755 1666 esset,
1785 1586 1840 1651 sed
1862 1589 1911 1652 vir
1939 1595 1971 1654 et

310 1704 383 1748 vere
406 1682 544 1746 Graecus
574 1677 607 1742 id
628 1699 752 1760 semper
773 1684 926 1761 spectavit
947 1689 984 1747 ut
1006 1683 1147 1760 fortuna,
1176 1684 1271 1749 siita
1291 1684 1396 1752 dicere
1417 1688 1505 1763 licet,
1537 1689 1679 1770 superior
1701 1690 1882 1758 discederet.
1925 1695 1970 1759 Ae

310 1785 561 1872 praeclarissime
583 1782 711 1866 quidem
732 1784 817 1867 quod
839 1784 1003 1849 consilium
1026 1808 1065 1850 ex
1086 1786 1142 1851 illa
1162 1806 1269 1850 secum
1287 1790 1486 1870 reputatione
1509 1791 1676 1872 prodierit,
1693 1819 1710 1855 ν.
1726 1800 1766 1860 53
1778 1795 1844 1877 ipse
1860 1797 1971 1864 Ulixes

310 1896 361 1960 his
380 1893 483 1957 tribus
503 1892 607 1957 verbis
627 1898 752 1956 narrat:
784 1890 881 1978 ἔτλην
903 1893 960 1957 καὶ
981 1889 1105 1974 ἔμεινα.
1155 1891 1296 1959 Procella
1315 1893 1446 1959 reicitur
1466 1895 1508 1959 ad
1528 1896 1670 1962 Aeoliam
1690 1898 1839 1975 insulam,
1863 1901 1968 1981 expel-

310 1999 388 2065 litur
409 1998 449 2063 ab
472 2017 546 2080 rege
573 2003 610 2060 ut
639 1994 825 2078 ἐλέγχιστος
854 1991 1003 2074 ζωόντων
1025 2002 1058 2062 et
1085 1991 1319 2080 ἀπεχθόμενος
1348 1991 1580 2074 citerdrosae,
1613 2005 1645 2064 et
1671 2001 1705 2064 in
1734 2009 1856 2065 vastum
1882 2025 1971 2068 mare

311 2102 514 2171 occidentalis
542 2101 680 2186 regionis
708 2100 873 2181 abripitur,
902 2101 1045 2185 ingentia
1071 2102 1213 2185 pericula
1240 2100 1414 2165 minantur:
1443 2103 1498 2185 qui
1526 2126 1566 2169 ex
1593 2109 1640 2168 tot
1669 2105 1760 2170 malis
1782 2106 1970 2170 incolumem

312 2213 490 2275 servaverat
512 2206 664 2281 animam,
693 2206 748 2287 qui
776 2204 879 2269 Ulixis
907 2205 1094 2271 Laertiadae
1123 2207 1249 2271 nomine
1279 2204 1475 2288 gloriabatur
1499 2210 1526 2278 (ι
1554 2212 1592 2271 19
1613 2206 1686 2290 sq),
1717 2209 1745 2272 is
1765 2231 1969 2293 quaecunque

311 2314 411 2378 iratus
436 2309 601 2392 Neptunus
624 2309 746 2373 miserit
775 2310 860 2375 mala
880 2310 999 2375 subibit
1021 2334 1122 2395 neque
1144 2332 1294 2394 umquam
1321 2310 1455 2374 inertiae
1479 2311 1528 2374 vel
1558 2311 1771 2394 desperationi
1793 2337 1897 2380 rerum
1920 2318 1967 2380 in-

310 2416 445 2501 dulgens
466 2419 600 2479 mortem
622 2412 672 2477 vel
694 2413 876 2478 tristissima
896 2419 929 2478 et
948 2415 1212 2495 periculosissima
1235 2414 1298 2478 vita
1318 2412 1540 2495 optabiliorem
1561 2413 1662 2480 ducet.
1700 2416 1808 2500 Neque
1829 2420 1972 2500 pericula

311 2520 413 2586 solum
433 2518 564 2601 tolerat;
590 2515 707 2581 tolerat
724 2515 810 2581 domi
842 2537 918 2582 suae
938 2517 1139 2583 insolentiam
1160 2539 1339 2601 procorum,
1368 2516 1557 2598 inpudentes
1578 2540 1695 2595 servos
1721 2522 1851 2587 ancillas
1878 2524 1970 2605 inpu-

312 2623 414 2688 dicas:
440 2622 496 2705 qui
517 2622 657 2704 quondam
677 2624 787 2684 maiora
808 2623 879 2684 tulit
901 2625 932 2699 (ν
958 2621 1024 2709 18),
1046 2646 1109 2689 ιιοιι
1130 2623 1249 2690 desinit
1270 2645 1398 2706 sperare
1420 2645 1493 2690 mox
1514 2625 1599 2691 diem
1617 2648 1684 2692 esse
1707 2635 1885 2701 venturum,
1909 2655 1972 2714 quo

313 2727 365 2793 die
387 2727 421 2790 iu
442 2732 610 2807 paternum
630 2744 763 2808 reguum
783 2724 947 2790 restitutus
970 2725 1058 2792 fideli
1080 2749 1176 2793 uxore
1199 2734 1385 2811 recuperate
1406 2730 1565 2796 vitavere
1587 2731 1676 2795 vitali
1697 2731 1827 2796 fruatur.
1872 2736 1973 2801 Multa

312 2837 444 2916 possunt
465 2828 600 2911 proferri
628 2826 784 2910 exempla,
811 2827 926 2911 quibus
952 2828 1067 2894 ardeus
1087 2831 1170 2895 vitae
1192 2830 1321 2907 caritas,
1350 2851 1431 2913 quae
1454 2832 1565 2913 quenti
1585 2830 1731 2896 habenda
1757 2839 1839 2897 esset
1863 2834 1972 2901 Ulixes

311 2938 432 3021 pariter
452 2941 548 3018 atque
563 2933 702 2998 Achilles
721 2931 855 3010 sciebat,
877 2931 1078 2998 inlustretur:
1101 2934 1177 2998 satis
1199 2934 1241 2997 sit
1261 2934 1340 2999 haec
1362 2934 1511 3016 proferre.
1551 2934 1590 2999 In
1607 2935 1762 3018 Odysseae
1780 2961 1792 2999 e
1814 2939 1973 3003 cernimus

310 3043 439 3110 Ulixem
460 3041 565 3104 insula
581 3038 732 3122 Calypsus
753 3036 880 3114 relicta,
903 3058 975 3102 cnm
996 3037 1061 3101 iam
1078 3033 1239 3100 Scheriam
1256 3056 1273 3099 e
1290 3035 1461 3119 longinquo
1475 3035 1563 3106 vidit,
1580 3040 1767 3116 tempestate
1785 3057 1805 3100 a
1821 3035 1970 3117 Neptuno

311 3151 451 3215 excitata
472 3145 673 3227 trabiumque
695 3162 844 3226 compage
867 3141 1020 3206 dissoluta
1040 3140 1080 3204 ab
1103 3139 1225 3222 ingenti
1248 3140 1403 3205 undarum
1425 3140 1506 3205 mole
1529 3141 1563 3204 iu
1584 3162 1671 3205 mare
1693 3139 1850 3204 deiectum
1871 3150 1904 3205 et
1925 3143 1973 3207 ita

311 3253 352 3318 ab
368 3252 489 3316 inmani
508 3248 661 3312 fluctuum
682 3247 793 3328 inpetu
814 3252 847 3310 et
862 3245 1001 3328 pondere
1021 3266 1218 3328 oppressum,
1240 3251 1342 3313 utrix
1358 3255 1463 3331 posset
1479 3269 1647 3331 emergere.
1682 3248 1821 3314 Tandem
1837 3251 1973 3334 emergit

311 3359 401 3423 salsis
422 3355 514 3420 undis
536 3351 756 3428 circumtusus,
784 3349 840 3415 sed
869 3343 938 3414 οὐδ’
959 3338 1005 3426 ὦς
1026 3347 1157 3434 σχεδίης
1185 3349 1388 3438 ἐπελήθετο,
1416 3347 1607 3438 τειρόμενός
1631 3374 1710 3435 sep,
1735 3344 1820 3414 ἀλλὰ
1841 3360 1970 3435 petop-

311 3468 433 3548 passu·
454 3459 498 3525 ἕναΙ
518 3456 659 3538 κύμασιν
675 3451 823 3536 ἐλλάβετ’
845 3448 955 3539 αὐτῆς,
975 3453 1009 3519 ἐν
1022 3453 1130 3540 μέσσῃ
1148 3453 1185 3519 δὲ
1200 3457 1319 3538 καθῖζε
1333 3457 1427 3534 τέλος
1443 3452 1594 3520 θανάτου
1612 3448 1775 3519 ἀλεείνων.
1794 3481 1820 3521 ν.
1831 3461 1970 3540 324sqq.

312 3566 455 3650 Longum
475 3570 524 3629 est
544 3563 605 3627 hoc
626 3561 695 3626 loco
716 3582 783 3625 rem
806 3559 986 3626 adcuratius
1006 3562 1170 3643 persequi,
1191 3562 1251 3627 hoc
1267 3568 1352 3628 certe
1370 3567 1494 3627 constat
1507 3561 1559 3624 vix
1575 3581 1666 3642 posse
1684 3560 1818 3625 inveniri
1836 3561 1970 3625 inomni

312 3673 452 3737 omnium
472 3677 649 3749 temporum
671 3665 824 3730 memoria
844 3665 1034 3729 eminentius
1063 3665 1241 3747 intrepidae
1264 3665 1457 3732 fortitudinis
1478 3663 1680 3747 inpavidique
1703 3664 1839 3744 pectoris
1860 3686 1964 3728 exem-

311 3775 400 3859 plum
421 3795 515 3857 quam
535 3772 639 3838 Ulixis
660 3770 857 3836 Leucotheae
877 3769 1126 3836 misericordiam
1147 3772 1233 3837 nacti
1255 3778 1300 3845 et,
1321 3770 1464 3853 quamvis
1484 3769 1637 3834 fremente
1659 3767 1806 3849 Neptuno
1827 3775 1859 3834 et
1887 3770 1968 3850 pelle

310 3876 458 3943 manibus
478 3875 635 3949 detracta,
662 3880 859 3955 praesentem
888 3880 1022 3940 mortem
1041 3873 1221 3958 effugientis
1239 3874 1335 3957 inque
1358 3872 1534 3954 proximam
1560 3882 1679 3935 terram
1700 3870 1777 3934 nudi
1799 3874 1967 3947 enatantis,

310 3983 367 4050 ubi
387 3983 510 4067 ingenti
539 3980 646 4045 labore
675 4000 777 4061 paene
806 3978 984 4045 confectum
1011 3983 1044 4043 et
1070 3979 1285 4044 semianimem
1314 3976 1417 4041 cubile
1444 3975 1528 4040 soliis
1555 3981 1689 4038 stratum
1711 3973 1835 4055 placido
1858 3997 1968 4041 somno

309 4092 441 4152 recreat
481 4083 688 4148 lamentatur
708 4081 835 4166 quidem
858 4088 976 4148 sortem
998 4102 1100 4156 suam,
1121 4100 1193 4145 cum
1214 4084 1376 4165 surgentes
1397 4077 1511 4144 fluctus
1534 4077 1697 4162 naviganti
1716 4082 1855 4141 atrocem
1876 4081 1967 4144 mini-

310 4196 419 4256 tantur
440 4194 661 4270 tempestatem
683 4194 716 4253 et
738 4209 801 4252 nox
827 4193 899 4253 atra
919 4189 1000 4254 mari
1029 4186 1172 4264 incubat,
1202 4192 1297 4268 atque
1316 4188 1366 4248 ter
1393 4188 1567 4266 quaterque
1596 4181 1702 4247 felices
1730 4180 1895 4261 praedicat
1916 4205 1969 4247 eos

309 4294 365 4375 qui
386 4293 461 4357 olim
478 4290 600 4356 Atridis
620 4313 739 4357 morem
761 4299 906 4377 gerentes
926 4299 1002 4361 ante
1017 4293 1143 4360 Troiam
1164 4292 1348 4367 ceciderint,
1372 4291 1470 4354 immo
1484 4297 1574 4371 optat
1589 4297 1624 4354 ut
1639 4290 1707 4371 ipse
1721 4288 1821 4353 fatum
1837 4290 1969 4356 obiisset

310 4395 344 4460 in
359 4396 557 4463 defendendo
572 4396 705 4461 Achillis
727 4417 866 4478 corpore.
901 4395 963 4462 Sed
984 4419 1041 4463 cur
1061 4403 1172 4480 optat?
1193 4396 1348 4476 Quoniam
1370 4399 1446 4458 tnnc
1468 4393 1528 4458 sibi
1550 4393 1727 4475 sepulerum
1747 4398 1839 4457 nacto
1854 4414 1966 4474 paren-

309 4503 411 4563 tatum
432 4506 515 4565 esset
535 4505 568 4566 et
587 4500 689 4584 gloria
709 4500 831 4564 tributa
851 4499 892 4564 ab
914 4499 1063 4580 Achaeis,
1091 4522 1175 4566 nunc
1197 4507 1303 4566 autem
1325 4497 1385 4562 sibi
1407 4498 1612 4562 constitutum
1633 4498 1675 4562 sit
1693 4506 1730 4562 ut
1751 4496 1837 4578 turpi
1866 4505 1968 4566 morte

308 4606 511 4686 conripiatur.
561 4605 756 4688 Simulatque
786 4610 893 4670 autem
918 4604 1060 4671 funestae
1089 4604 1245 4688 procellae
1270 4609 1462 4684 proruerunt
1488 4608 1521 4666 et
1548 4601 1687 4666 disiectis
1717 4600 1795 4665 ratis
1822 4599 1969 4667 trabibus

309 4707 398 4774 nulla
417 4707 502 4772 salus
522 4708 583 4774 suit
601 4709 662 4774 nisi
682 4708 717 4773 in
738 4707 886 4773 luctando
907 4728 980 4772 cum
994 4708 1160 4776 concitatis
1174 4707 1334 4783 fluctibus,
1355 4706 1478 4772 nullum
1494 4705 1622 4772 auditur
1639 4706 1749 4773 mortis
1767 4704 1967 4784 desiderium,

308 4815 391 4882 nihil
412 4817 503 4896 optat
530 4815 743 4895 parentalium
764 4814 923 4896 particeps
949 4811 1034 4891 fieri,
1063 4814 1124 4880 hoc
1154 4834 1253 4880 uuum
1280 4816 1404 4895 spectat
1432 4815 1469 4875 ut
1496 4811 1595 4876 vitam
1622 4811 1720 4877 etium
1741 4807 1791 4874 his
1816 4810 1967 4891 periculis
