4236 5624
1862 743 1900 804 31

229 900 500 968 vitaehumanae
524 899 672 963 miseram
698 896 916 965 condicionem
937 905 975 964 nt
1004 916 1098 962 nemo
1127 895 1209 959 alius
1237 902 1491 978 conquereretur.
1541 896 1747 960 Inveniuntur
1766 897 1904 978 quidem,

231 1012 387 1085 utsupra
411 1004 497 1084 (pag.
523 1007 569 1066 12.
591 998 648 1083 23)
670 999 735 1062 iam
757 999 904 1074 vidimus,
932 999 1017 1081 apud
1039 1005 1163 1064 ceteros
1185 1006 1294 1080 poetas
1323 1003 1460 1081 tmgicos
1483 998 1566 1062 nant
1591 1019 1663 1061 rare
1687 997 1762 1072 loci,
1789 998 1905 1081 quibus

232 1108 410 1174 ostenditur
434 1106 531 1170 vitani
553 1103 683 1167 minime
706 1101 889 1168 habendam
910 1122 978 1167 ease
997 1121 1055 1183 pro
1078 1101 1303 1165 summobono
1325 1100 1472 1183 diemque
1495 1098 1622 1164 hutrrleru
1644 1120 1752 1165 omnes
1775 1122 1904 1168 manera

231 1214 389 1287 homines,
419 1217 494 1275 sunt
515 1229 640 1292 quoque
660 1206 821 1271 interdum
844 1208 921 1284 loci,
950 1207 1064 1290 quibus
1086 1204 1236 1270 docemur
1258 1202 1439 1266 hominibus
1461 1203 1584 1266 miseris
1607 1202 1655 1266 rel
1679 1223 1740 1267 non
1763 1224 1831 1269 esso
1852 1204 1902 1270 vel

229 1336 326 1398 quam
349 1314 515 1379 celerrime
538 1311 578 1376 (le
602 1311 666 1376 vita
687 1310 841 1376 decedere
865 1332 957 1392 posse
979 1306 1156 1390 optandum
1179 1328 1255 1370 esse.
1315 1305 1397 1369 huoi
1419 1312 1549 1387 possunt
1572 1306 1611 1369 iis
1631 1328 1710 1388 qum
1734 1307 1797 1372 iam
1817 1328 1900 1373 com·

232 1417 475 1482 memoravimus
496 1416 548 1479 hi:
579 1415 724 1498 Aeschyl.
747 1414 888 1496 Choepb.
909 1437 937 1482 v.
966 1419 1032 1487 103,
1055 1411 1110 1475 uhi
1140 1409 1270 1473 Electra
1299 1409 1398 1472 antimi
1429 1409 1563 1492 quanm
1594 1410 1726 1474 tristitia
1746 1418 1903 1477 commota

229 1518 324 1583 uicit:
350 1516 389 1580 τό
408 1514 575 1601 μόρσιμον
598 1511 655 1578 τόν
677 1510 704 1579 τ’
728 1510 908 1601 ἐλεύθερον
929 1512 1020 1596 μένει
1045 1509 1101 1575 καὶ
1126 1510 1180 1574 τόν
1204 1512 1289 1598 πρός
1312 1504 1415 1595 όλλης
1437 1512 1704 1589 δεσποτούμενον
1725 1510 1838 1599 χερός,·
1867 1514 1901 1578 in

230 1621 316 1704 Sept
333 1621 401 1687 adv.
417 1619 515 1686 ‘lheh
531 1640 557 1682 v.
573 1623 633 1683 bSl
654 1616 776 1682 Eteocli
798 1615 901 1698 μόνον
921 1613 1038 1698 κέρδος
1062 1610 1096 1677 ἒν
1112 1607 1309 1695 ’τεθνηκόσιν
1326 1620 1373 1677 est
1396 1612 1493 1687 (inire,
1516 1620 1550 1676 ut
1573 1621 1684 1695 quaten
1705 1614 1902 1700 videbimus),

230 1731 264 1789 et
286 1725 318 1787 in
340 1722 486 1805 Aeschyli
509 1719 696 1804 fragmentis
710 1717 798 1801 (edit.
813 1716 932 1782 Nauck.
945 1715 1029 1795 Lips.
1047 1716 1138 1797 1856)
1155 1715 1233 1780 haec
1250 1715 1395 1798 legimns,
1418 1715 1528 1798 fragm.
1545 1724 1621 1781 :24:32
1642 1712 1688 1794 ὡς
1707 1712 1901 1797 uiolariue

228 1825 382 1890 θάνατον
395 1824 535 1903 ε”χθουοι
550 1821 679 1910 βροτοί,
703 1818 809 1908 ὅσπερ
831 1821 989 1906 μέγιστον
1009 1819 1098 1906 ῥῦμα
1122 1821 1185 1880 τοῖν
1205 1822 1337 1884 πολλῶν
1359 1823 1477 1889 κακῶν,
1500 1820 1610 1903 fragm.
1626 1828 1705 1886 250:
1728 1814 1755 1885 ol
1773 1821 1900 1889 θόνατε

231 1924 355 2003 Ποίαν,
386 1925 432 2010 μὴ
460 1920 495 2008 μ’
519 1919 686 2009 ἀτιμάσῃς
707 1924 832 2005 μολεῖν·
860 1918 963 2005 μόνος
994 1920 1056 2006 γὰρ
1079 1911 1108 1984 el
1136 1921 1176 1983 οδ
1206 1925 1271 1985 τοῖν
1293 1915 1479 2005 όνηκεότων
1505 1926 1613 1986 κακῶν
1640 1920 1771 2010 ἰατρός.
1799 1921 1899 2010 όλγος

228 2023 260 2093 δ’
284 2023 382 2095 οὐδὲν
404 2024 549 2091 inraret
572 2030 698 2111 νεκροῦ.
742 2024 895 2089 Similiter
918 2023 1089 2107 Sophocles
1113 2026 1278 2091 Creontem
1302 2026 1377 2091 lucit
1401 2027 1559 2102 (licentem
1588 2030 1720 2097 insted.
1744 2031 1850 2099 Colon.
1870 2055 1899 2100 v.

229 2137 310 2198 955:
339 2128 515 2198 θανόντων
537 2127 566 2196 δ’
591 2125 687 2196 οὐδὲν
715 2123 816 2214 ἄλγος
838 2128 997 2206 hiaretur,
1029 2150 1165 2212 quocum
1195 2131 1376 2195 conseratur
1403 2132 1489 2197 locus
1522 2133 1682 2208 Electrae,
1713 2157 1806 2219 quem
1834 2138 1899 2203 iam

229 2256 328 2316 supra
347 2236 441 2299 attuli
464 2236 557 2319 (pag.
580 2233 655 2317 26),
685 2237 718 2297 ct
744 2231 855 2298 Trach.
878 2254 906 2299 v.
932 2239 1026 2303 1173:
1059 2239 1129 2312 τοῖς
1158 2237 1220 2320 γὰρ
1250 2241 1394 2301 θανοῦσι
1423 2238 1553 2320 μόχθος
1580 2237 1619 2304 οδ
1651 2242 1897 2326 npooyiyrarnr.

230 2338 387 2415 Quoniam
406 2338 505 2421 igitur
526 2335 671 2400 omnibus
694 2336 828 2399 inminet
848 2355 933 2399 alors
956 2337 1151 2409 hominibus,
1176 2345 1370 2403 mortuorum
1390 2348 1496 2405 autem
1517 2343 1659 2409 condicio
1679 2345 1719 2410 ‹le
1739 2350 1897 2413 coinmuni

227 2440 422 2505 Graecorum
446 2440 604 2503 sententia
626 2460 697 2502 cum
726 2438 851 2520 geruuliis
880 2446 913 2502 et
943 2439 1065 2504 laetitia
1086 2447 1152 2503 turn
1182 2443 1341 2506 aemnnris
1364 2450 1395 2508 et
1416 2443 1578 2510 doloribus
1608 2456 1707 2524 caret,
1736 2451 1895 2517 interdum

230 2546 399 2610 merserit
422 2566 485 2608 non
508 2544 671 2627 fugienda,
694 2564 767 2606 raro
789 2542 979 2625 quaerenda
1033 2543 1094 2607 seu
1118 2544 1287 2625 Euripides
1311 2567 1372 2608 non
1395 2546 1496 2610 solnm
1519 2570 1610 2613 senes
1634 2553 1699 2616 vita
1720 2573 1819 2634 paene
1839 2555 1892 2621 ‹le-

230 2648 367 2722 t‘unctos,
390 2647 653 2730 quemadmodum
677 2645 847 2727 Sophocles
869 2667 964 2709 senex
987 2643 1020 2704 in
1043 2641 1118 2704 (led.
1144 2642 1207 2706 Col.
1224 2666 1250 2708 r.
1270 2650 1348 2709 1225
1371 2666 1439 2728 sqq.
1461 2660 1571 2730 (supra
1592 2670 1663 2733 pag.
1683 2660 1727 2719 m.
1751 2660 1818 2738 23),
1840 2656 1895 2720 sed

230 2750 394 2829 Meropum
414 2749 580 2819 matrem)
596 2785 636 2794 -
654 2769 690 2811 ac
708 2747 810 2812 solent
832 2753 917 2812 corto
936 2750 1054 2809 nistros
1072 2750 1215 2808 rriaterno
1231 2745 1359 2811 inbutae
1382 2769 1487 2811 {artiore
1507 2752 1604 2816 sitam
1626 2754 1753 2834 plurimi
1778 2757 1895 2824 habero

228 2875 266 2918 ac
289 2853 490 2936 gravissimos
513 2849 637 2914 labores
658 2849 742 2914 laeto
764 2850 870 2913 animo
890 2846 1011 2920 subire,
1033 2852 1069 2909 ut
1091 2846 1188 2910 sitam
1210 2849 1272 2913 sibi
1293 2859 1432 2923 servent,
1454 2853 1576 2927 liberis,
1599 2858 1714 2921 niarito
1735 2898 1777 2907 —
1798 2863 1894 2928 talem

228 2959 333 3031 finiuit,
360 2962 397 3019 ut
418 2955 540 3020 diceret
560 2975 732 3035 numquam
754 2954 869 3018 vixisse
899 2952 1055 3016 humanae
1084 2953 1162 3015 sorti
1185 2953 1426 3033 praeferendum
1449 2976 1516 3020 esse
1537 2968 1569 3022 et
1592 2957 1692 3041 lugeri
1716 2960 1839 3027 inheret
1861 2964 1893 3028 in

227 3062 330 3125 lucem
358 3057 475 3134 editos,
506 3056 662 3122 celebrari
691 3062 724 3121 et
753 3055 861 3121 salices
893 3055 1070 3135 praedicari
1106 3066 1246 3122 mortuos
1278 3065 1387 3140 utpote
1417 3059 1498 3123 vitae
1531 3060 1691 3125 laboribus
1721 3062 1894 3143 defunctos

228 3164 338 3245 fragm.
361 3165 440 3226 452:
470 3157 565 3242 ἐχρῆν
587 3157 650 3243 γὰρ
680 3152 767 3241 ἡμᾶς
796 3158 958 3240 σύλλογον
984 3161 1208 3237 ποιουμένοις
1237 3159 1293 3223 τόν
1320 3163 1427 3245 quieto
1451 3168 1587 3249 θρηνεῖν
1616 3163 1663 3240 εἰς
1690 3159 1741 3232 όσ’
1764 3164 1893 3254 ἔρχεται

226 3264 329 3342 κακά,
352 3262 411 3327 τόν
427 3257 456 3326 δ’
472 3252 514 3325 αὖ
529 3258 678 3324 θανόντα
697 3259 754 3325 καὶ
771 3257 882 3323 πόνων
902 3259 1118 3341 πεπαυμένον
1134 3259 1312 3346 χαίροντας
1331 3259 1562 3348 εόηημοῦντας
1579 3264 1762 3349 ε’κῐιόμπειν
1781 3268 1894 3352 δόμων

225 3370 295 3455 (eir.
316 3366 402 3451 quod
420 3387 518 3447 supra
540 3366 736 3431 Herodotum
758 3364 798 3429 do
817 3365 945 3430 Transis
967 3387 1111 3431 annasse
1133 3366 1271 3431 diximus
1295 3387 1324 3447 p.
1346 3365 1404 3447 ll).
1450 3366 1593 3433 Eundem
1614 3369 1750 3437 salimus
1771 3376 1892 3442 nescire

225 3470 409 3554 sequidem
436 3469 611 3550 professum
633 3492 701 3534 csso
723 3469 800 3551 quid
824 3476 1050 3550 postmortem
1074 3468 1218 3531 hemines
1248 3475 1404 3540 maneret,
1431 3467 1589 3533 dubitarit
1617 3478 1723 3536 tamen
1745 3496 1786 3538 an
1811 3499 1892 3560 quae

227 3578 293 3641 rita
314 3573 405 3639 uobis
427 3573 588 3638 diceretur
611 3594 696 3638 mors
717 3579 812 3645 esset,
837 3573 998 3638 aaronita
1019 3573 1152 3637 mortuis
1174 3570 1301 3634 demum
1322 3569 1528 3654 contingeret.
1572 3572 1661 3637 Ferri
1682 3583 1787 3657 potest
1807 3581 1892 3663 quod

224 3698 320 3761 supra
340 3680 423 3761 (μορ.
443 3681 494 3759 m)
515 3676 687 3741 biaoariam
709 3677 867 3743 dicentem
888 3676 1091 3761 cognovimus
1113 3676 1145 3737 in
1170 3671 1326 3738 lleraclicl.
1351 3694 1376 3737 v.
1394 3680 1471 3737 illo:
1496 3675 1531 3735 τό
1555 3674 1617 3759 γὰρ
1643 3683 1760 3742 θανεῖν
1781 3686 1892 3747 κακῶν

223 3779 379 3862 μέγιστον
402 3773 583 3862 φάρμακον
605 3775 785 3857 νομίζεται.
816 3799 890 3841 nani
920 3780 1026 3859 potest
1045 3774 1115 3839 lieri
1137 3783 1172 3839 ut
1201 3797 1287 3839 mons
1306 3774 1419 3839 ultima
1440 3778 1483 3839 sit
1504 3776 1662 3844 medicina
1684 3782 1757 3860 (cir.
1781 3786 1891 3851 Aesch.

222 3883 331 3965 Suppl.
347 3904 374 3945 v.
391 3887 468 3947 sol:
491 3881 528 3942 τδ
552 3879 614 3967 γὰρ
637 3886 755 3945 θανεῖν
778 3881 1019 3967 ἐλευθεροῦται
1042 3879 1251 3965 φιλαιάκτων
1275 3884 1395 3951 κακῶν·
1418 3881 1524 3963 Eurip.
1541 3883 1655 3951 illaesi.
1670 3907 1697 3953 ι’.
1716 3892 1778 3954 937
1792 3894 1890 3975 sqq.);

220 4011 302 4074 quae.
323 4008 397 4053 roro
418 3985 613 4068 praecedunt
635 3988 747 4053 verba:
770 3984 843 4051 τόδ’
868 3987 945 4068 (scil.
969 3985 1108 4069 gloriosa
1130 4006 1214 4048 mors
1237 4005 1294 4065 pro
1314 3984 1469 4068 cogitatis)
1491 3980 1563 4050 όνιὶ
1587 3986 1719 4053 παίδων
1741 3990 1812 4056 ieri
1830 4015 1890 4072 μοι

220 4089 376 4175 κειμήλια
398 4090 453 4152 καὶ
478 4087 693 4173 παρθενείας.
719 4085 754 4153 ei‘
771 4113 804 4153 τι
825 4089 864 4174 δη
888 4088 977 4154 κάτω
998 4086 1132 4170 χθονός’
1157 4084 1208 4171 εἴη
1232 4111 1268 4170 γε
1290 4088 1403 4167 μέντοι
1427 4089 1530 4173 μηδέν
1551 4096 1624 4162 etc,
1655 4113 1717 4156 uon
1740 4099 1803 4157 tam
1826 4096 1888 4160 vim

219 4191 375 4274 tragicam
405 4211 500 4272 quam
531 4189 661 4253 nimiam
690 4191 855 4255 tristitiam
884 4214 1051 4276 rerumque
1082 4192 1223 4256 omnium
1254 4190 1507 4272 desperationem
1538 4214 1555 4258 o
1584 4192 1663 4258 salsa
1691 4194 1889 4277 philosophia

218 4302 460 4375 temporumque
483 4293 652 4374 iniquitate
679 4300 781 4358 ortam
804 4295 965 4362 exhibent.
1021 4294 1163 4359 blitildem
1187 4295 1352 4358 tristitiam
1375 4295 1532 4357 cernimus
1560 4295 1593 4358 in
1616 4295 1727 4376 primis
1748 4299 1890 4365 versibus

217 4396 353 4469 Orestis,
382 4393 409 4456 si
432 4394 478 4456 ita
499 4414 553 4457 ees
575 4394 831 4474 interpretamur,
853 4404 889 4459 nt
912 4395 1146 4477 interpretandi
1169 4418 1236 4460 esse
1260 4395 1414 4465 ridentur,
1447 4418 1508 4460 non
1531 4406 1566 4461 nt
1593 4398 1702 4463 Cicero
1725 4398 1887 4468 Surcnttem

219 4503 464 4581 interpretatum
481 4516 548 4560 esse
566 4497 633 4560 vult
649 4510 758 4579 (supra
775 4519 846 4582 pag.
861 4506 889 4575 o,
909 4501 963 4565 ubi
980 4500 1140 4563 Ciceronis
1156 4500 1451 4581 interpretationem
1466 4501 1695 4584 sapiebamurl.
1711 4503 1743 4566 in
1760 4504 1888 4588 Hippoi,

216 4626 245 4670 ι,
269 4606 325 4668 189
339 4619 425 4681 sqq:
451 4599 516 4673 ,τᾶς
537 4592 698 4682 ὀδυνηρὸς
718 4597 793 4680 βίος
819 4598 1010 4689 ἀνθρώπων
1030 4597 1110 4666 κοόκ
1133 4599 1203 4668 aar
1228 4603 1339 4668 πόνων
1361 4598 1561 4679 ἀνάπαυσις,
1585 4605 1616 4666 iu
1637 4604 1791 4675 Alceste.
1808 4612 1888 4676 802:

220 4699 260 4770 οὐ
282 4701 357 4783 βίος
379 4696 519 4783 άληθῶς
539 4693 558 4760 ό
580 4696 671 4780 βίος,
706 4694 792 4765 ἀλλὰ
814 4699 989 4791 συμφορά,
1020 4706 1053 4769 in
1075 4706 1187 4774 Troatl.
1212 4731 1238 4775 ι.
1262 4714 1323 4774 636
1346 4731 1429 4791 sqq..
1458 4709 1511 4773 ubi
1536 4709 1757 4778 Andromacha
1780 4719 1889 4782 aratris

219 4807 390 4892 praeclaris
410 4802 531 4868 verbis:
563 4795 603 4865 οὐ
630 4797 760 4881 rariter,
789 4796 816 4868 ol
842 4811 919 4875 παῖ.
950 4811 996 4894 rqi
1020 4810 1159 4891 βλέπειν
1185 4813 1220 4875 ni
1248 4818 1439 4875 καιθανεῐν·
1470 4813 1505 4874 τό
1526 4814 1587 4892 μὲν
1615 4813 1678 4902 γάρ
1709 4814 1816 4895 οδδὲν,
1840 4823 1886 4882 roi

338 5014 362 5075 ⁸)
382 5007 488 5062 Tribuit
506 5009 552 5061 illa
571 5007 652 5061 rerba
671 5010 810 5080 hieropae.
832 5013 1003 5082 Cresphonte
1022 5016 1111 5075 uxori.
1135 5012 1259 5083 Ilartung
1279 5015 1370 5085 Eurip.
1389 5015 1483 5071 Restio.
1500 5014 1525 5070 11
1542 5032 1567 5085 p.
1587 5018 1628 5071 ts.
