4236 5624
347 691 385 752 14

338 853 371 919 iu
387 855 508 921 Achille
524 854 645 939 (Odyss.
663 856 681 919 l.
697 857 773 941 488)
789 856 950 936 Platones,
973 857 1117 927 Luciani.
1141 855 1176 918 in
1197 854 1319 940 virgine
1339 855 1381 922 ad
1401 858 1485 924 vitae
1501 856 1634 923 delicias
1653 857 1802 926 fruendas
1817 868 1894 928 nata
1906 886 2002 931 nemo

337 959 536 1042 vituperabit.
580 959 645 1025 Nec
665 961 831 1045 quisquam
857 963 934 1027 haec
954 963 1051 1028 rerba
1071 961 1118 1025 ita
1138 957 1400 1038 interpretabitur
1420 967 1455 1024 ut
1476 959 1657 1045 significent
1675 962 1773 1028 vitam
1794 965 1949 1046 inpietate
1965 978 2004 1035 et

339 1065 508 1131 sceleribus
522 1066 720 1148 inquinatam
740 1090 759 1131 a
779 1069 863 1153 regis
886 1068 953 1133 filia
969 1062 1243 1150 praestabiliorem
1263 1061 1375 1128 haberi
1395 1065 1558 1146 praeclara
1574 1071 1693 1129 morte:
1715 1073 1802 1130 vetat
1816 1068 1876 1132 hoc
1891 1079 2000 1137 castae

339 1171 470 1254 virginis
492 1170 606 1234 mentis
627 1170 815 1252 simplicitas
836 1193 1020 1254 morumque
1042 1167 1201 1251 probitum
1221 1166 1277 1231 sed
1298 1168 1358 1232 hoc
1379 1169 1457 1233 mihi
1478 1168 1602 1233 videtur
1628 1169 1797 1253 Iphigenia
1818 1170 1921 1238 dicere
1944 1196 2001 1239 vo-

340 1277 449 1350 luisse,
471 1274 554 1359 quod
577 1282 671 1341 antea
692 1282 787 1359 atque
809 1282 919 1358 postea
939 1277 1032 1340 multi
1053 1281 1086 1340 et
1107 1275 1273 1338 senserunt
1292 1278 1325 1334 et
1345 1271 1505 1347 dixerunt,
1528 1271 1671 1337 infimam
1687 1274 1770 1338 vitae
1784 1275 2002 1342 condicionem

340 1381 374 1444 in
397 1399 518 1443 sumum
538 1400 644 1443 rerum
664 1380 821 1445 tenuitate
844 1379 1083 1462 praeferendam
1105 1399 1172 1445 esse
1191 1376 1286 1442 morti
1307 1384 1433 1459 praeter
1449 1379 1577 1442 inanem
1599 1377 1684 1459 apud
1704 1388 1845 1461 posteros
1863 1382 1999 1466 gloriam

342 1483 423 1548 nihil
438 1481 607 1549 adserenti.
628 1480 711 1563 quod
728 1480 910 1547 hominibus
932 1480 1108 1546 iucundum
1123 1485 1207 1545 essct
1227 1485 1322 1562 atque
1337 1482 1516 1562 pretiosum.
1547 1481 1621 1546 Mox
1635 1481 1810 1547 ridebimus
1823 1505 1886 1548 non
1900 1485 2004 1548 solum

341 1587 459 1669 priscos
490 1590 654 1665 poetarum
684 1585 825 1650 homiues
852 1587 899 1650 ita
928 1586 1100 1663 censuisse,
1129 1586 1185 1652 sed
1211 1589 1309 1653 etiam
1335 1591 1516 1655 tristissima
1542 1591 1736 1656 Graecorum
1764 1599 1882 1669 aetate,
1911 1596 2002 1659 cuius

343 1692 485 1776 aequalis
507 1690 673 1773 Euripides
695 1700 774 1770 erat,
797 1696 912 1760 multos
934 1702 966 1759 et
988 1716 1040 1760 eos
1063 1694 1198 1776 optimos
1219 1695 1401 1777 patriaeque
1423 1695 1654 1759 amantissimos
1678 1701 1773 1777 atque
1795 1696 2000 1776 probissimos

342 1796 427 1860 cives
448 1795 506 1858 hae
528 1797 684 1860 sententia
703 1804 875 1863 commotos
898 1821 1034 1864 summas
1056 1797 1262 1873 calamitates
1290 1800 1419 1863 amissos
1441 1798 1557 1863 liberos
1581 1797 1741 1880 coniuges,
1770 1799 1916 1863 amissam
1940 1821 2000 1879 pa-

343 1902 449 1973 triam,
472 1902 615 1965 amissam
637 1902 818 1968 libertatem
842 1904 1007 1977 tolerasse,
1028 1925 1125 1986 spem.
1139 1901 1250 1967 melius
1271 1901 1338 1965 fore
1359 1923 1422 1966 non
1444 1902 1584 1967 amisisse
1607 1900 1708 1965 etita
1729 1900 1881 1976 effecisse,
1904 1911 1940 1965 ut
1962 1925 2003 1967 ex

346 2011 429 2074 vitae
448 2026 613 2088 rerumque
637 2007 776 2070 omnium
797 2007 962 2092 naufragio
981 2009 1084 2073 Ulixis
1103 2009 1204 2072 instar
1224 2008 1305 2072 hanc
1327 2029 1423 2072 unam
1444 2007 1584 2072 tabulam
1600 2005 1685 2070 nacti
1700 2004 1821 2087 aliquid
1843 2014 2008 2071 servarent

346 2115 431 2201 quod
452 2114 492 2180 ad
515 2135 626 2178 novam
648 2114 806 2180 fortunam
828 2118 1022 2184 condendam
1043 2119 1172 2184 valeret.

469 2219 666 2300 Quamquam
691 2220 789 2303 igitur
816 2221 1047 2286 concedendum
1077 2227 1124 2287 est
1157 2222 1221 2285 iam
1250 2224 1324 2282 aute
1344 2214 1529 2297 Euripidem
1551 2221 1583 2279 et
1605 2221 1715 2296 poetas
1735 2221 1768 2279 et
1790 2214 1995 2294 philosophos

348 2321 504 2389 interdum
527 2320 699 2385 sententias
720 2322 887 2401 protulisse
909 2324 949 2388 ab
971 2324 1102 2390 Homeri
1132 2321 1333 2404 simplicitate
1362 2329 1394 2384 et
1420 2318 1502 2381 ritae
1525 2317 1651 2381 laetitia
1679 2318 1755 2381 satis
1785 2317 2005 2393 abhorrentes

348 2425 514 2493 nonmdlos
533 2425 630 2489 etiam
652 2425 740 2489 saria
761 2431 793 2490 et
814 2432 955 2495 tortuosa
973 2431 1056 2496 sitae
1079 2435 1235 2500 curricula
1256 2434 1412 2515 ingressos
1430 2449 1467 2492 eo
1483 2430 1674 2509 pervenisse,
1696 2434 1732 2492 ut
1753 2429 1869 2492 nimiae
1891 2429 1999 2492 indul-

347 2532 459 2613 gerent
480 2525 628 2588 tristitiae
651 2530 684 2588 et
705 2525 735 2588 ei
757 2546 790 2590 se
810 2525 922 2592 darent
944 2532 1026 2598 sitae
1049 2534 1275 2617 despicientiae
1299 2540 1335 2597 ut
1357 2532 1436 2596 nihil
1466 2532 1499 2594 in
1530 2532 1595 2595 vita
1619 2553 1677 2596 nec
1698 2532 1917 2596 facerent-nec
1940 2532 1999 2596 ha-

346 2637 460 2701 berent
481 2629 578 2705 dulce,
597 2628 723 2703 laetum,
747 2630 924 2707 iucundum,
947 2637 1044 2702 multo
1066 2646 1172 2709 tamen
1195 2643 1296 2707 maior
1316 2640 1377 2705 fuit
1397 2659 1544 2702 numerus
1566 2659 1675 2703 eorum
1696 2638 1750 2720 qui
1773 2638 1838 2725 vita
1860 2636 1999 2700 delecta·

348 2736 464 2800 bantur
486 2736 517 2794 et
538 2749 574 2792 eo
595 2727 799 2794 fundamento
821 2733 887 2796 uixi
909 2738 1048 2805 canitae
1071 2742 1231 2809 laboribus
1255 2766 1321 2808 sese
1343 2742 1508 2826 erigebant
1538 2748 1571 2806 et
1597 2742 1631 2805 id
1660 2763 1784 2822 semper
1805 2740 2003 2821 spectabant,

347 2846 383 2904 ut
405 2859 455 2902 res
477 2834 654 2917 praeclaras
675 2843 769 2918 atque
791 2836 851 2902 diis
875 2841 1114 2928 hominibusque
1137 2852 1243 2929 gratas
1266 2844 1461 2925 perficerent.
1507 2842 1577 2907 Nou
1599 2844 1779 2927 ignoramus
1801 2841 1998 2906 Herodotum

349 2966 487 3031 quoque.
515 2962 577 3024 qua
598 2947 668 3006 erat
690 2943 808 3026 ingenii
832 2947 985 3028 gravitate
1010 2960 1043 3015 et
1061 2953 1115 3034 pia
1134 2951 1313 3021 severitate,
1340 2946 1425 3011 haud
1453 2968 1526 3010 raro
1555 2948 1601 3011 ita
1623 2947 1779 3012 censuisse
1798 2945 1837 3010 de
1857 2946 1923 3009 vita
1945 2947 2004 3009 hu—

348 3072 442 3117 mana
464 3054 494 3115 et
517 3046 556 3111 de
579 3046 738 3109 hominum
761 3046 925 3113 felicitate.
954 3058 990 3114 ut
1012 3054 1123 3120 leviter
1144 3052 1296 3119 iudicanti
1321 3056 1354 3116 et
1373 3052 1441 3133 ipse
1460 3052 1544 3115 tristi
1563 3051 1754 3137 Theognidis
1776 3052 1910 3115 aliorum
1932 3073 2005 3117 sen·

346 3149 446 3216 tiendi
467 3147 589 3210 ratione
613 3145 740 3209 inbutus
762 3168 828 3212 esse
852 3149 1048 3237 videatur3*)
1078 3156 1132 3222 sed
1163 3157 1217 3239 qui
1246 3178 1298 3222 res
1325 3156 1492 3222 attactis
1514 3155 1664 3221 adversus
1685 3155 1836 3221 barbaros
1858 3156 2006 3235 praecla-

471 3355 493 3414 ἰ
513 3352 661 3404 omittimus
680 3352 730 3404 hur
749 3352 847 3405 reterre
866 3355 935 3420 quod
954 3356 1102 3410 llerodotus
1123 3365 1214 3410 narrat
1237 3358 1263 3410 5.
1282 3360 1307 3423 t,
1327 3357 1444 3420 Transis,
1471 3355 1544 3422 genti
1565 3355 1703 3419 Thraciae,
1728 3373 1825 3410 morem
1849 3359 1940 3419 fuisse.
1969 3372 2009 3428 ut,

350 3443 498 3510 quicunque
515 3440 542 3492 in
560 3440 644 3492 lucem
664 3439 749 3492 editus
768 3450 846 3507 esset,
865 3459 923 3495 eum
943 3446 1081 3513 propinqui
1099 3445 1317 3500 circumsederent
1341 3456 1367 3494 et
1393 3443 1513 3509 lugerent
1539 3439 1590 3494 ὃσα
1614 3463 1665 3511 μιν
1683 3444 1756 3508 (scil.
1777 3445 1824 3498 τὸν
1845 3446 2008 3516 γινόμενον,

349 3533 394 3583 δεῖ
410 3531 497 3582 ἐπείτε
516 3529 622 3596 ἐγένετο
643 3528 798 3595 ἀναπλῆσαι
818 3530 898 3599 artari,
919 3530 1104 3604 rinqyedneror
1133 3534 1225 3600 (vulgo
1244 3529 1441 3601 ἀνηγεόμενοι)
1464 3527 1497 3581 td
1523 3527 1688 3599 ἀνθρωπήια
1713 3529 1804 3584 πάντα
1832 3524 2010 3590 πά.9ια,“ἀο·

350 3621 467 3675 functum
487 3632 574 3671 utitem
592 3620 635 3685 qui
655 3636 747 3686 graves
766 3621 869 3675 labores
888 3634 971 3676 morte
989 3624 1098 3679 finisset.
1118 3624 1280 3677 exsultantes
1300 3629 1326 3672 et
1344 3617 1489 3685 gaudentes
1507 3625 1578 3670 terra
1595 3616 1738 3670 conderent
1753 3620 2011 3687 λτιλίγοιαιςόσων

351 3714 444 3763 κακῶν
463 3709 679 3775 ἐξαπαλλαχθεὶς
698 3711 752 3761 ἔστι
773 3710 803 3760 ἓν
823 3709 897 3784 πιέσῃ
918 3713 1093 3787 stidaraburg,-
1118 3710 1247 3764 nescimus
1270 3707 1338 3760 enim
1360 3702 1422 3770 quid
1447 3701 1596 3755 Herodotus
1621 3703 1676 3770 ipse
1694 3701 1727 3754 de
1745 3703 1793 3754 hoc
1812 3721 1862 3757 usu
1881 3709 2008 3774 senserit,

350 3812 428 3866 quem
448 3796 594 3864 Euripides.
616 3808 643 3849 ut
662 3806 754 3865 postea
776 3799 927 3861 ridebimus,
947 3803 1072 3870 probasse
1091 3799 1194 3853 ridetur
1211 3812 1269 3849 cum
1284 3793 1474 3859 Cresphontem
1490 3789 1606 3841 fabulam
1623 3788 1738 3852 doceret,
1758 3790 1804 3843 ct'r.
1820 3790 1872 3842 Cir.
1891 3793 1972 3845 Tusc.
1986 3795 2008 3857 I,

351 3887 393 3948 ts.
415 3887 464 3939 115
481 3894 507 3938 et
529 3886 651 3943 Hartuuu
673 3887 763 3954 Eurip.
783 3888 876 3941 Restit.
896 3888 929 3945 ll.
948 3890 980 3942 tt
1001 3905 1057 3956 sqq.
1093 3890 1145 3943 Sed
1161 3906 1214 3944 non
1231 3899 1370 3956 possumus
1387 3882 1532 3950 praeterire
1549 3880 1628 3932 alium
1645 3879 1771 3934 Herodoti
1791 3883 1883 3948 locum,
1902 3885 1948 3951 qui
1967 3895 2010 3939 est

347 3972 375 4025 in
393 3970 452 4023 libri
471 3970 573 4036 septimi
590 3985 646 4038 cap.
658 3971 700 4034 tu,
720 3973 764 4023 ubi
782 3972 942 4038 Artabanus,
963 3974 1007 4041 qui
1026 3975 1136 4040 primurn
1154 3991 1187 4029 ne
1205 3975 1307 4027 Xerxes
1322 3970 1429 4024 Graecis
1447 3969 1543 4021 bellum
1560 3966 1669 4021 inferret
1679 3967 1832 4021 dissuadere
1847 3972 2005 4038 conahatur,

348 4073 407 4110 enm
432 4072 494 4121 rege
517 4056 584 4109 titas
605 4057 734 4110 humanae
753 4059 906 4112 brevitatem
930 4061 1090 4115 lamentante
1117 4061 1269 4113 conlocutus
1292 4057 1357 4108 haec
1381 4053 1457 4105 dicit:
1484 4055 1514 4105 tr
1538 4050 1607 4105 οὕτω
1631 4056 1724 4120 βραχέι
1748 4059 1797 4119 βίῳ
1823 4054 1911 4112 οὐδεὶς
1936 4055 2010 4110 odra

349 4143 499 4215 ἅνθρωπος
519 4141 570 4194 hb·
589 4143 730 4213 adducitur
752 4151 870 4213 adquae,
890 4144 951 4200 σι’Ῐτε
972 4146 1074 4201 rourum
1099 4144 1159 4200 cilis
1180 4150 1234 4199 τολν
1253 4142 1352 4199 ἀλλων,
1372 4146 1409 4210 τῷ
1434 4141 1465 4194 oc’
1492 4135 1692 4211 παραστήσεται
1718 4137 1848 4198 πολλάκις
1874 4146 1918 4191 καὶ·
1945 4143 2010 4194 οὐχὶ

349 4230 423 4289 cinci
443 4228 572 4284 reliditur
593 4227 740 4295 ,tollerem
772 4237 878 4286 ιιιῗλλσν
899 4233 912 4299 ἦ
931 4232 1013 4296 ζώειν
1042 4239 1073 4287 αἵ
1089 4255 1114 4288 τε
1137 4236 1191 4305 grip
1212 4239 1358 4305 orrtqopul
1383 4238 1604 4301 προσπίπτουσαι
1624 4234 1669 4281 καλ
1689 4232 1718 4281 αἱ
1736 4234 1829 4282 νοῦσοι
1849 4231 2010 4302 συνταράσ-

349 4341 444 4376 σουσαι
472 4325 515 4374 καλ
539 4319 644 4388 ,tgulis
663 4319 740 4373 ἰόντα
765 4322 875 4391 μακρὸν
898 4327 1004 4376 tezen·
1029 4319 1097 4375 timu
1118 4328 1223 4376 ποιεῦσι
1248 4322 1294 4375 riu
1317 4328 1386 4387 βίον.
1411 4319 1480 4372 οὕτω
1500 4315 1513 4370 ὁ
1533 4320 1586 4386 μὲν
1604 4316 1725 4377 θάνατος
1746 4325 1888 4387 μοχθηρῆς
1911 4318 2011 4388 ἐούσης

348 4417 393 4477 τῆς
415 4408 473 4476 ζόης
497 4407 643 4477 turturi-qo}
669 4407 832 4475 αἱρετιιιιάτις
856 4413 892 4476 rqi
913 4408 1054 4479 ἀνθρώπῳ
1080 4419 1184 4482 ytyore·
1207 4411 1269 4465 itt
1291 4410 1356 4469 der),-
1381 4407 1483 4478 γλοιιύν
1507 4405 1606 4476 γεύσας
1629 4407 1676 4460 τὸν
1700 4411 1786 4460 cludro
1811 4410 1955 4478 σίλονερῖις
1979 4414 2011 4464 ἓν

348 4502 420 4564 αὐτῷ
441 4496 592 4566 εὑρίσκεται
614 4491 679 4547 ἰών.
702 4494 901 4561 quibusverbis
920 4506 1042 4548 nontam
1061 4499 1218 4550 sententiam
1237 4496 1472 4566 Pemispropriam
1492 4493 1639 4561 siguificare
1663 4492 1841 4550 Artabanum.
1867 4493 1913 4544 scd
1942 4512 2010 4561 quo-

348 4582 407 4636 dam
426 4583 500 4635 motio
519 4595 608 4651 partes
628 4597 708 4647 agere
725 4582 797 4634 chori
816 4584 909 4636 scenici
928 4584 1087 4650 tragicorum
1105 4583 1264 4636 Graecorum
1284 4599 1326 4636 res
1344 4587 1497 4650 praesentes
1515 4580 1715 4632 commentantis
1734 4588 1761 4632 et
1782 4578 1816 4631 ad
1835 4588 1905 4631 recte
1924 4596 2009 4647 agen·

348 4673 411 4725 dum
429 4675 589 4727 cohortantis
608 4675 674 4727 bem
692 4683 779 4725 munet
799 4675 870 4728 Stein
889 4676 914 4728 in
935 4674 997 4728 edit.
1016 4675 1190 4732 tttntmamr..
1215 4673 1259 4739 qui
1280 4678 1386 4738 praeter
1403 4667 1561 4720 sententiam
1581 4665 1710 4720 Chilonis:
1736 4668 1782 4722 τὸν
1802 4670 2008 4735 tertianarum

349 4760 480 4833 μακάριζε
505 4772 529 4813 et
552 4760 714 4830 berem-tilis
741 4775 831 4814 tersius
857 4763 959 4829 (t'rugtn.
978 4766 1017 4821 tlt:
1046 4770 1171 4816 brusnica
1195 4760 1234 4831 μὴ
1260 4764 1346 4830 quirat
1370 4763 1502 4828 φέριστον
1525 4757 1589 4827 ppt*
1609 4757 1702 4811 ἀελίου
1726 4760 1871 4825 προσιδιῐν
1894 4766 2008 4828 ρέγγος·

349 4845 440 4915 ὄλβιος
457 4847 480 4897 ‹t’
502 4847 590 4903 σι’-τιατ
606 4852 712 4916 βροτῶν
732 4845 821 4900 πάντα
837 4848 950 4918 χρόνον.
968 4849 1033 4902 alias
1055 4849 1142 4901 adfert
1160 4848 1327 4914 antiquorum
1347 4844 1442 4898 similes
1462 4843 1622 4908 sententias,
1647 4845 1742 4910 quibus
1765 4843 1914 4898 instabilem
1938 4847 2011 4901 ritae

347 4936 477 4988 humanae
497 4932 675 4986 condicionem
693 4947 720 4988 et
739 4935 851 4989 numnis
869 4936 948 4989 divini
971 4935 1110 4994 iuvidiam.
1135 4951 1213 5003 quam
1238 4941 1341 4989 veteres
1359 4930 1488 4985 secundas
1508 4946 1551 4986 res
1575 4933 1703 4986 humanas
1723 4933 1847 4999 persequi
1872 4937 2007 5000 putabant

347 5021 478 5074 inlustrat.
504 5018 535 5072 ln
553 5017 642 5085 primis
660 5029 748 5073 autem
765 5020 817 5072 huc
835 5019 988 5073 referendus
1006 5021 1086 5074 estis
1105 5012 1180 5073 locus
1194 5021 1239 5090 qui
1256 5021 1388 5075 invenitur
1407 5021 1431 5084 l,
1450 5022 1493 5083 31,
1510 5020 1555 5090 qui
1571 5020 1686 5073 muium
1699 5017 1816 5072 dolorem
1832 5021 1964 5088 quendam
1983 5036 2012 5076 et
