4236 5624
240 684 280 744 to

238 844 398 927 probitate
419 842 489 908 fieri
517 847 633 925 potest,
662 863 786 924 semper
813 862 978 926 quaerere,
1003 857 1127 917 semper
1148 841 1254 900 111111
1277 835 1386 920 fugere
1408 841 1542 904 mortem
1568 858 1699 903 vacuam
1722 844 1754 903 et
1775 840 1903 907 inanem

204 965 209 982 ¹
240 957 274 1017 at
294 972 315 1016 a
337 949 431 1014 rebus
452 947 599 1032 gerendis
619 947 879 1029 humanitateque
901 941 1073 1010 excolenda
1094 941 1241 1017 alienam,
1262 941 1323 1004 nisi
1343 961 1382 1006 ea
1400 961 1479 1022 opus
1501 941 1543 1005 sit
1563 962 1627 1024 qua
1640 940 1770 1007 altiores
1787 943 1899 1008 huma-

237 1056 347 1120 nitatis
375 1054 513 1119 rationes
536 1053 723 1117 adiuventur
744 1051 793 1115 sel
822 1050 956 1114 aliorum
983 1048 1048 1111 rita
1078 1052 1111 1110 et
1137 1045 1300 1111 commoda
1329 1052 1494 1112 serventur
1521 1046 1690 1112 meliorave
1717 1047 1897 1113 reddantur.

238 1159 316 1225 Non·
327 1164 413 1223 certe
434 1155 580 1240 equidem
603 1178 672 1222 eam
692 1155 791 1219 vitam
811 1153 882 1218 dico
902 1151 951 1217 vel
972 1171 1025 1216 eas
1046 1150 1129 1214 vitae
1151 1148 1376 1227 iocunditates,
1399 1171 1477 1233 quas
1499 1152 1618 1214 Alcinoi
1639 1158 1670 1213 io
1689 1157 1753 1214 cute
1772 1158 1901 1219 curanda

235 1266 305 1347 plac
326 1285 412 1344 aequo
433 1268 548 1344 operato
571 1266 704 1323 iuvent-ecs
725 1259 936 1341 spectabat*),
965 1275 1100 1340 quorum
1120 1252 1239 1341 τρυφή,
1270 1252 1345 1335 βίος
1367 1247 1615 1331 ἀπολαυστικός
1635 1255 1668 1317 in
1698 1256 1898 1335 proverbium

233 1515 284 1576 sei,
304 1512 400 1576 spricht
415 1511 493 1561 Pluto
511 1510 541 1557 im
559 1508 682 1557 Phaedon
700 1506 816 1570 nirperrds
833 1524 896 1566 aus,·
914 1504 1049 1569 ollerdinpa
1066 1505 1154 1554 aohites
1177 1504 1226 1553 olle
1242 1503 1380 1553 Mea-scheri
1400 1523 1428 1553 ao
1448 1505 1528 1566 leben,
1549 1506 1611 1553 dosa
1632 1505 1702 1554 ihren
1722 1505 1767 1552 der
1786 1503 1810 1552 Τ
1809 1504 1841 1553 od
1858 1504 1897 1552 ola

237 1602 376 1668 Bejreimrp
396 1616 442 1649 von
460 1597 582 1647 Merctor
601 1594 795 1657 Besehreinkunq
812 1594 863 1642 aad
882 1592 1028 1654 Ueberpaaq
1045 1590 1070 1638 in
1087 1590 1191 1654 perstipe
1211 1588 1329 1639 Reinher't
1345 1591 1395 1639 uad
1416 1590 1536 1656 Seliplceit
1558 1593 1606 1640 dos
1627 1593 1728 1642 hdchste
1749 1591 1800 1643 Gal
1818 1599 1899 1642 ardre:

235 1693 296 1740 aber
317 1691 341 1737 in
367 1684 533 1737 Wirklictker'r
555 1686 586 1734 ist
606 1686 653 1748 fiir
675 1685 716 1732 die
740 1684 840 1732 meloten
860 1680 996 1729 Menschen
1020 1677 1065 1725 der
1087 1676 1112 1725 Τ
1110 1678 1144 1726 od
1162 1696 1208 1726 nar
1227 1678 1271 1726 der
1290 1676 1387 1741 Beyr'mr
1407 1680 1472 1727 einer
1492 1678 1549 1728 Zeia
1575 1680 1619 1728 der
1637 1678 1727 1744 Struse
1746 1680 1796 1728 und
1814 1679 1897 1727 Busae

227 1779 278 1843 fe‘rr
299 1777 349 1824 das
369 1775 477 1823 irdr'sche
496 1773 579 1822 Laberi
596 1787 620 1838 p.
641 1769 672 1823 81
682 1768 709 1821 C.
729 1770 755 1822 ff.
778 1786 802 1821 u.
816 1782 849 1829 a.,
871 1770 921 1818 rard
937 1788 983 1818 nur
1000 1770 1045 1819 der
1062 1769 1129 1819 echte
1152 1769 1305 1833 Philosoph,
1323 1771 1353 1818 im
1372 1770 1549 1820 Platoniachen
1567 1768 1643 1819 sime
1661 1789 1707 1819 con
1725 1771 1897 1834 Philosophia,

233 1867 316 1915 nuche
335 1866 418 1913 daron
435 1864 487 1912 eine
507 1863 656 1913 Aumahme.
704 1858 800 1911 Mirum
819 1864 906 1909 autern
931 1855 1033 1908 ridetur
1058 1868 1135 1921 quam
1159 1852 1227 1906 male
1250 1852 1366 1906 Platonis
1385 1854 1541 1908 seutentiam
1559 1855 1718 1907 recentiores
1738 1856 1897 1908 Graecorum

233 1957 261 2005 et
281 1950 459 2005 Romanorum
480 1947 627 2016 philosophi
651 1945 818 2012 interpretati
835 1945 901 2001 sint.
926 1959 1005 2010 quam
1024 1960 1147 2011 perverse
1165 1944 1231 1998 Cato
1250 1943 1352 1998 Stoicus
1376 1944 1493 1999 Platonis
1515 1945 1660 2009 dialogum.
1680 1961 1757 2011 quem
1775 1961 1897 2013 suprema

233 2043 310 2090 nocte
328 2043 468 2101 antequam
485 2041 595 2086 mortem
615 2047 663 2085 sua
680 2032 729 2084 sihi
747 2046 826 2083 manu
844 2030 969 2084 conscivit
993 2030 1118 2098 perlegit.
1144 2030 1317 2095 intellexerit,
1342 2039 1521 2097 quantumque
1547 2033 1602 2085 eius
1622 2031 1743 2084 laudator
1761 2033 1849 2085 Cicero
1868 2041 1895 2086 et
1993 2085 1998 2091 ,

235 2141 264 2180 se
281 2132 309 2178 et
326 2124 391 2176 alios
409 2122 544 2182 fefellerit,
564 2122 685 2188 quicum
703 2119 782 2172 sciret
799 2125 889 2170 vetare
906 2115 1082 2171 dominantem
1099 2117 1173 2170 illum
1192 2120 1219 2172 in
1236 2118 1310 2171 nobis
1330 2116 1406 2171 deum
1424 2119 1524 2171 iniussu
1543 2120 1603 2172 hinc
1621 2135 1669 2172 nos
1688 2135 1735 2172 suo
1748 2120 1895 2186 demigrare

234 2213 370 2277 (cfr.Plat.
385 2210 529 2264 Phacum
546 2209 584 2262 D:
605 2209 634 2264 rb
653 2208 693 2279 μὴ
713 2206 828 2276 θεμιτὸν
840 2203 908 2260 εἶναι
927 2206 1026 2260 ἑαυτὸν
1040 2213 1180 2275 alsecense·
1202 2213 1229 2257 et
1242 2206 1276 2258 62
1287 2207 1323 2258 A:
1344 2208 1367 2257 el
1383 2203 1486 2263 τούτοις
1504 2212 1561 2265 τοῖς
1579 2205 1740 2274 ἀνθρώποις
1757 2206 1796 2276 μὴ
1816 2204 1894 2259 ὅσιόν

234 2302 307 2354 ἔστιν
327 2297 424 2358 αὐτοὺς
450 2296 562 2357 ἑαυτοὺς
584 2288 614 2351 εἶ·
630 2303 729 2352 noreir,
758 2295 815 2348 ἀλλ’
835 2291 920 2348 ἄλλον
936 2297 981 2348 dei
1003 2299 1162 2366 περιμένειν
1181 2293 1348 2360 εὐεργέτην),
1369 2289 1468 2343 diceret
1486 2292 1570 2357 ipsum
1592 2290 1669 2344 deum
1688 2293 1782 2345 iustam
1800 2292 1894 2345 Catoni

232 2388 323 2441 mortis
342 2401 461 2439 caussam
481 2385 597 2442 dedisse.
623 2399 675 2452 qua
695 2385 757 2437 elata
778 2391 946 2452 tamqnama
969 2383 1126 2450 nrugistratu
1147 2379 1247 2434 autah
1265 2379 1353 2445 aliqua
1371 2384 1504 2444 potestate
1521 2379 1650 2442 legitima,
1674 2381 1710 2432 sic
1731 2397 1746 2431 a
1767 2380 1893 2433 1111111-

230 2485 306 2530 catus
326 2485 406 2542 atque
424 2475 534 2528 emissus
553 2474 674 2537 exiisset,
699 2474 776 2526 Tusc.
796 2473 815 2527 1.
835 2474 876 2529 311,
899 2472 939 2524 14.
981 2473 1099 2525 Partium
1123 2470 1238 2525 studium
1255 2466 1374 2520 Ciceroni
1398 2466 1456 2533 plus
1479 2467 1591 2520 saluisse
1611 2467 1713 2521 ridetur
1734 2484 1811 2534 quam
1831 2484 1894 2520 vera

231 2572 311 2632 atque
329 2564 469 2615 manifesta
492 2561 609 2613 Platonis
632 2560 770 2613 sententia.
813 2559 921 2611 Rectius
945 2559 1043 2625 posteri
1065 2557 1098 2609 de
1122 2557 1222 2609 Catone
1244 2553 1406 2617 iudicarunt,
1432 2555 1526 2621 quihus
1552 2557 1578 2609 in
1602 2558 1766 2624 proverbium
1791 2559 1892 2611 abierat

229 2651 361 2704 victricem
381 2663 501 2701 caussam
519 2647 569 2700 diis
587 2647 731 2714 placuisse.
751 2647 842 2700 Catoni
862 2646 997 2701 adeorum
1011 2650 1147 2703 volumtate
1164 2664 1271 2717 prorsus
1286 2648 1438 2701 abhorrenti
1449 2647 1624 2716 delirantique
1641 2650 1742 2703 victam.
1770 2652 1892 2705 t‘eterum

230 2739 252 2792 si
270 2737 393 2791 Socrates
414 2734 548 2788 contendit
564 2741 674 2786 mortem
690 2733 843 2801 philosopho
861 2750 919 2787 esse
936 2734 1110 2801 adpetendum
1129 2738 1250 2804 vitaeque
1267 2736 1480 2804 praeferendam.
1505 2745 1534 2790 ut
1553 2740 1654 2792 animus
1674 2741 1699 2793 in
1717 2742 1766 2792 boc
1784 2758 1893 2808 ccrqrore

228 2841 246 2878 a
266 2824 317 2879 deo
337 2823 466 2876 inmortali
487 2831 620 2889 tamquam
646 2823 797 2876 incarcere
820 2823 932 2889 quodam
957 2826 1072 2880 inclusus
1096 2843 1113 2879 a
1136 2829 1252 2896 corporis
1277 2828 1402 2880 societate
1427 2838 1551 2883 avocatus
1575 2846 1603 2882 se
1623 2831 1648 2882 in
1665 2847 1694 2883 se
1713 2833 1795 2898 ipsmu
1816 2840 1893 2900 quasi

229 2919 361 2983 conligere
378 2925 405 2968 et
423 2915 457 2968 ad
477 2931 569 2983 puram
588 2916 768 2981 sinceramque
793 2916 929 2968 veritatem
953 2915 1128 2983 indagandam
1153 2923 1180 2969 et
1197 2915 1421 2982 contemplandam
1445 2925 1597 2971 convertere
1620 2920 1750 2986 uitamque
1769 2921 1889 2973 altiorem

228 3015 256 3061 et
274 3007 416 3061 feliciorem
435 3004 532 3069 degere
550 3012 652 3070 posset.
680 3003 735 3055 iure
761 3001 872 3068 quodam
892 3002 968 3054 buius
987 3003 1077 3055 mortis
1095 3002 1217 3056 desiderii
1235 3016 1332 3068 poenam
1357 3002 1464 3056 solvisse
1484 3003 1593 3057 ridetur.
1631 3005 1697 3057 Nam
1720 3024 1751 3059 ex
1771 3008 1890 3060 oumibus

230 3113 300 3165 quae
318 3104 485 3148 occursatores
503 3094 632 3146 Socratis.
651 3093 672 3143 si
691 3108 741 3145 111
759 3107 884 3144 novarum
903 3107 1003 3155 rerum,
1023 3100 1094 3144 certe
1114 3105 1197 3144 norae
1214 3088 1344 3142 sentiendi
1360 3091 1468 3143 rationis
1490 3093 1619 3155 auctoris,
1645 3096 1808 3160 protulerunt
1829 3094 1890 3148 inde

226 3183 261 3236 ab
279 3200 311 3236 co
330 3191 461 3248 tempore,
481 3197 533 3247 quo
553 3180 744 3246 Aristophanes
763 3179 846 3232 nubes
863 3178 952 3231 docuit
970 3189 996 3231 et
1015 3180 1143 3243 Meletos,
1163 3182 1267 3247 Anytus
1286 3178 1329 3231 alii
1347 3181 1479 3246 egregium
1504 3181 1585 3233 sirium
1604 3199 1650 3235 seu
1672 3183 1743 3236 falsis
1763 3202 1807 3237 seu
1822 3187 1890 3237 veris
1988 3241 1992 3247 ,

226 3269 378 3321 criminibus
396 3266 594 3321 insimularunt,
619 3280 702 3330 uscpre
720 3264 753 3316 ad
773 3281 817 3316 eos
836 3265 881 3330 qui
900 3265 1047 3332 nuperrime
1066 3264 1192 3318 Catonem
1210 3267 1292 3319 secuti
1311 3266 1367 3332 (cir.
1386 3267 1519 3319 Plutarch.
1540 3266 1597 3320 i'at.
1617 3285 1638 3320 c.
1657 3272 1700 3331 23>
1720 3270 1890 3337 comprobare

226 3353 386 3407 studueram
406 3354 503 3421 optimo
527 3354 583 3405 iure
607 3353 740 3404 Socratem
763 3353 797 3404 ab
815 3352 1019 3407 Atheniensibus
1042 3357 1135 3423 capitis
1153 3356 1305 3410 damnatum
1324 3371 1381 3409 asse
1403 3386 1436 3395 —
1454 3357 1480 3409 in
1503 3357 1592 3422 primis
1614 3357 1825 3415 Forchhammer.
1848 3364 1889 3412 die

228 3446 338 3495 Athener
354 3445 404 3492 und
423 3444 556 3504 Socrates,
575 3445 615 3491 die
637 3441 803 3493 Gesetzh'chea
823 3445 873 3492 1111
890 3445 935 3493 der
953 3446 1132 3496 Revolutiomir
1150 3474 1196 3510 —,
1218 3460 1249 3498 ex
1268 3446 1308 3498 his
1326 3445 1445 3498 omnibus
1463 3444 1574 3513 adparet
1592 3462 1644 3499 11011
1666 3449 1748 3500 solum
1766 3447 1888 3501 invidiam

226 3531 266 3584 val
288 3530 375 3582 odium
395 3530 543 3596 aequalirmr
561 3530 693 3595 effecisse,
719 3537 748 3583 ut
767 3538 850 3583 morte
872 3530 1037 3593 adficeretur,
1063 3534 1109 3589 sed
1131 3536 1244 3603 priscam
1262 3535 1349 3603 poprdi
1374 3535 1524 3602 religionem
1543 3543 1568 3587 et
1590 3537 1748 3604 reipublicae
1770 3538 1886 3592 soranam.

226 3617 312 3686 qualis
325 3617 471 3683 antiquitus
483 3617 509 3670 in
524 3617 683 3669 Graecorum
694 3617 826 3669 mentibus
841 3617 922 3670 infixa
934 3619 1075 3686 haerebat,
1092 3630 1202 3676 mortem
1215 3622 1345 3683 Socratis,
1364 3629 1393 3674 ut
1406 3622 1441 3674 ita
1455 3621 1553 3686 dicam,
1573 3623 1729 3690 postulasse.
1754 3625 1888 3678 Adcurate

224 3711 306 3771 atque
327 3713 405 3756 caute
422 3712 448 3755 et
466 3712 584 3757 veterum
604 3712 630 3758 et
649 3705 823 3758 recentiorum
842 3704 875 3757 de
895 3705 943 3759 bac
962 3722 991 3762 re
1009 3710 1189 3778 discrepantes
1207 3712 1351 3765 sententias
1372 3711 1529 3763 examinarit
1550 3711 1644 3767 Zeller,
1667 3715 1707 3762 die
1729 3715 1887 3778 Philosophi}

224 3798 270 3846 der
294 3794 414 3844 Griechea
434 3798 458 3845 ia
478 3797 544 3845 ihrer
562 3798 766 3859 peschichtlichea
783 3797 969 3864 Erewicheluup
986 3799 1012 3851 Π
1031 3817 1056 3867 p.
1076 3800 1212 3855 lae-165
1229 3797 1291 3850 edit.
1311 3797 1369 3853 alt..
1395 3797 1440 3863 qui
1457 3797 1519 3864 quid
1537 3799 1594 3865 ipse
1615 3799 1713 3850 sentiat
1734 3816 1758 3865 p.
1779 3801 1825 3852 llil
1847 3799 1886 3850 his

226 3882 312 3936 verbis
330 3882 523 3947 complectitur:
543 3884 636 3949 Sofera
656 3888 702 3936 wir
719 3905 764 3936 corr
781 3888 826 3936 der
845 3888 1047 3950 altpriechr'scheo
1064 3890 1168 3940 Ansieht
1187 3891 1245 3938 iiber
1262 3887 1343 3937 Recht
1360 3888 1410 3935 und
1426 3884 1503 3936 Staret
1523 3889 1661 3951 aaaqeherr,
1684 3887 1750 3936 kaim
1768 3890 1807 3936 die
1830 3889 1885 3936 111-

229 3971 368 4034 ertheilany
386 3972 430 4020 dea
448 3970 568 4021 Socrates
588 3974 653 4023 nicht
667 3976 714 4038 sier
732 3976 860 4038 anyereeht
877 3974 970 4024 erkle'r'rt
988 3977 1092 4028 werden.
1130 3973 1182 4028 Sed
1200 3972 1268 4026 idem
1292 3979 1373 4038 negat
1390 3972 1581 4035 Athenienses,
1601 3973 1672 4039 quali
1690 3980 1753 4025 tunc!
1774 3973 1884 4024 civitatis

222 4058 377 4113 condicione
404 4068 550 4117 uterentur,
578 4061 633 4113 iure
658 4061 790 4114 Socratem
814 4062 907 4129 capitis
929 4061 1082 4120 damnasse:
1107 4060 1153 4113 cir.
1174 4077 1199 4128 p.
1221 4061 1282 4115 163:
1312 4062 1353 4110 die
1378 4060 1562 4125 Verunheilmrp
1582 4062 1626 4110 dea
1656 4061 1775 4110 Socrates
1796 4063 1826 4109 ist
1848 4065 1886 4110 em

226 4149 384 4198 echreieudcr
399 4147 546 4212 pole'tischer
562 4150 783 4209 Anachrour'smaa,
803 4152 855 4198 cirre
873 4168 920 4199 von
937 4152 1014 4212 jenen
1035 4150 1169 4211 versellam
1188 4149 1367 4213 Maasrepela,
1392 4149 1468 4196 durch
1490 4149 1579 4198 welche
1598 4150 1639 4198 die
1658 4148 1821 4199 Sraarstunsr
1841 4151 1880 4198 der

228 4235 408 4285 macometica
419 4236 497 4298 jeder
514 4234 570 4286 Zeit
589 4237 641 4286 ihre
666 4235 827 4301 Unfir'hr'pheit
844 4238 894 4285 aad
913 4237 1124 4300 Krensichtipkeit
1142 4257 1175 4288 an
1194 4240 1240 4289 den
1262 4237 1287 4287 Τ
1286 4258 1320 4302 ap
1335 4239 1415 4304 pelope
1434 4240 1485 4290 hat.
1522 4238 1680 4289 Socrates
1705 4240 1761 4289 hot
1787 4241 1884 4289 aller·

222 4324 317 4388 dirps
341 4325 400 4374 den
424 4326 696 4388 ursprinplichen
714 4325 823 4374 Boden
845 4327 901 4374 des
922 4327 1157 4390 yriechischerr
1178 4327 1421 4377 Bemaestser'ue
1445 4329 1631 4390 uerlaeaea,
1654 4329 1704 4377 aad
1722 4348 1749 4375 es
1770 4333 1825 4377 iiber
1843 4330 1880 4376 die

223 4409 371 4461 Schraahen
390 4412 601 4476 hireauapehffm,
621 4413 745 4462 inaerhalb
763 4414 837 4462 deren
855 4413 922 4461 diere
941 4413 1070 4461 bestinunte
1090 4411 1188 4463 Gestat!
1208 4413 1348 4461 sationales
1366 4412 1462 4461 Lebeas
1481 4412 1556 4461 celleio
1575 4415 1678 4476 ›aeplich
1699 4434 1767 4464 war:
1786 4418 1844 4462 aher
1857 4432 1877 4462 er

224 4499 268 4547 hot
282 4499 336 4548 dieo
348 4500 413 4549 nicht
429 4501 517 4563 frither
533 4501 638 4563 pethah,
660 4499 699 4547 uls
711 4501 752 4549 die
765 4498 822 4549 Zer't
835 4501 901 4548 daza
912 4499 948 4548 da
964 4516 1026 4559 war,
1046 4500 1096 4547 read
1108 4500 1149 4550 de'e
1165 4502 1264 4565 seruere
1282 4498 1473 4549 Ilnhahoarkeiae
1493 4500 1537 4547 des
1552 4501 1625 4549 Altera
1640 4503 1694 4551 sich
1709 4502 1766 4551 tlar-
1782 4503 1882 4550 herous-

219 4585 318 4650 9eetellt
336 4586 409 4637 hatte.
439 4587 491 4636 Die
508 4585 675 4650 Umwelzany,
694 4587 783 4637 welche
800 4587 852 4635 sich
872 4589 902 4636 im
918 4583 1000 4635 Geiste
1019 4585 1063 4632 dee
1075 4586 1463 4651 91111111111111111111111119,
1482 4606 1536 4638 eaor
1554 4588 1620 4637 nicht
1636 4589 1677 4636 die.
1691 4589 1788 4638 Schoht
1801 4589 1882 4636 dieses

221 4674 368 4733 Eiraelaerr,
388 4677 493 4724 sordem
513 4676 562 4723 dos
581 4672 726 4734 Seticksal,
746 4675 806 4723 oder
823 4691 890 4724 werra
907 4690 963 4722 mon
982 4674 1056 4723 heber
1074 4675 1137 4738 will,
1158 4680 1199 4727 die
1220 4676 1431 4727 Gesomhtschuld
1448 4680 1528 4727 semer
1546 4677 1602 4727 Zeit
1620 4692 1665 4729 etc.
1686 4692 1729 4729 etc.

340 4762 365 4819 *l
389 4759 440 4811 Cir.
455 4761 547 4829 Odyss.
562 4762 645 4816 3246
659 4777 729 4828 sqq:
749 4766 800 4815 olel
815 4761 839 4816 δ’
853 4760 920 4833 ἥμιν
932 4764 993 4822 δαίς
1012 4783 1038 4817 re
1058 4768 1124 4834 φίλη
1143 4770 1252 4836 κιθαρίς
1271 4783 1296 4817 re
1312 4772 1395 4836 χοροί
1411 4784 1437 4817 rs
1456 4765 1584 4834 [requam
1600 4767 1621 4817 τ’
1635 4765 1765 4831 liquores}
1784 4769 1880 4829 111111

218 4869 246 4904 re
263 4846 358 4918 eeppd
378 4851 423 4899 καὶ
443 4847 544 4916 εὐναῆ,
564 4859 589 4902 et
601 4850 694 4903 Horat.
708 4848 775 4916 Epp.
792 4849 814 4912 1,
832 4850 857 4913 2,
875 4850 915 4904 28.
946 4849 1006 4906 Non
1024 4861 1113 4906 tamen
1131 4852 1322 4920 neglegendum
1338 4851 1461 4919 estquod
1475 4851 1582 4906 Nitasch
1598 4852 1720 4905 defensor
1733 4851 1883 4905 Phaeacum

217 4937 286 4991 male
308 4934 485 5003 ἀβροδιαίτης
510 4942 691 4989 accusatorum
718 4933 807 4988 aeliam
828 4934 862 4988 ad
884 4937 969 4991 locum
992 4938 1141 5009 Odysseae,
1167 4939 1300 5006 Anmkgg.
1323 4938 1500 5008 namma:
1520 4939 1574 5001 ΠΙ,
1594 4939 1659 4993 XXI
1679 4940 1882 5006 1111111111

218 5019 561 5091 corrumpentem
579 5036 635 5088 sqq.
