4236 5624
1730 701 1764 759 51

101 856 295 934 tradituium
316 885 399 938 esse,
427 864 552 930 etiamsi
575 869 708 929 mortem
734 864 776 927 sit
803 865 1015 946 appetiturus,
1044 860 1135 945 louge
1167 860 1309 942 profecto
1338 861 1454 932 aberit,
1489 867 1523 926 ut
1552 885 1609 928 uos
1631 865 1768 932 lleuelai

104 970 294 1037 senteutiam
316 967 498 1049 probemus,
520 967 576 1049 qui
598 966 666 1032 seni
689 963 837 1051 μακρούς
859 963 979 1049 λόγους
1001 987 1090 1032 servo
1112 966 1197 1031 baud
1219 967 1331 1051 dignos
1353 967 1431 1031 vitio
1453 967 1522 1044 dat,
1545 968 1600 1036 sed
1623 969 1767 1035 laudabi-

106 1094 175 1138 mus
195 1073 299 1155 potius
320 1094 458 1145 servum,
489 1070 574 1154 quod
603 1070 773 1155 gloriosam
796 1092 854 1153 pro
877 1070 997 1152 domini
1026 1073 1128 1137 salute
1150 1079 1283 1137 mortem
1315 1072 1538 1154 praestabilius
1560 1074 1677 1141 bonum
1700 1096 1769 1141 esse

101 1177 295 1242 existimarit
322 1196 418 1259 quam
447 1175 553 1240 vitam.
607 1174 705 1240 Recte
735 1174 819 1239 enim
850 1174 933 1240 alius
963 1197 1085 1249 servus,
1118 1175 1288 1241 Erechthei
1316 1175 1422 1240 domui
1453 1197 1552 1260 usque
1580 1177 1621 1243 ad
1651 1180 1772 1247 scelera

104 1281 264 1363 patranda
282 1280 427 1356 devotus,
448 1280 483 1343 iu
499 1278 565 1345 lon.
581 1299 609 1345 v.
622 1283 682 1346 854
695 1299 762 1363 sqq.
779 1278 858 1343 baec
878 1278 969 1352 dicit,
992 1278 1097 1342 aliena
1118 1277 1247 1362 quidem
1268 1277 1309 1343 ab
1329 1279 1381 1355 iis,
1404 1300 1485 1364 quae
1508 1301 1605 1364 supra
1617 1281 1701 1370 (pag.
1721 1284 1771 1372 17)

101 1384 144 1450 de
166 1386 301 1467 antiqua
320 1384 512 1448 Graecorum
532 1381 690 1447 sententia
709 1379 749 1445 de
772 1380 878 1446 servili
899 1380 1086 1446 condicione
1107 1381 1287 1451 attulimus:
1311 1377 1346 1446 lh
1367 1381 1430 1469 γάρ
1453 1408 1485 1451 τι
1507 1390 1579 1463 τοῖς
1599 1385 1773 1455 δούλοισιν

104 1483 261 1572 αἰσχύνην
282 1486 395 1573 φέρει,
418 1479 578 1564 τοῦνομα·
602 1485 646 1550 τὰ
666 1480 696 1550 d’
719 1478 805 1550 ἄλλα
830 1482 940 1552 πάντα
963 1486 1236 1566 certiorarem
1259 1479 1355 1550 οὐδὲν
1375 1487 1501 1553 κακίαν
1519 1489 1657 1568 δοῦλος.
1681 1488 1775 1569 ὅστις

106 1588 232 1667 ἐσθλὰς
251 1581 284 1679 ἢ.
331 1589 426 1655 Cuius
446 1589 528 1654 servi
551 1588 653 1654 fidelis
675 1590 800 1658 enimus
825 1587 905 1654 adeo
926 1589 1071 1656 dominae
1100 1589 1225 1654 deditus
1253 1598 1337 1666 erat,
1368 1600 1404 1667 ut
1430 1615 1473 1658 ne
1496 1591 1625 1695 flagitiis
1645 1597 1774 1680 quidem

105 1694 341 1761 committendis
362 1693 585 1769 deterreretur,
606 1693 685 1777 quin
707 1693 842 1759 &susae
863 1701 976 1760 contra
996 1695 1140 1760 iuimicus
1162 1712 1242 1778 quos
1262 1716 1331 1761 esse
1352 1693 1478 1780 putea
1496 1701 1652 1772 auxilium
1675 1701 1776 1770 ferret

105 1821 240 1886 cumque
267 1822 307 1865 ea
327 1805 383 1864 aut
401 1800 481 1865 mori
504 1820 538 1865 se
559 1805 616 1864 eut
637 1797 818 1883 gratissima
844 1797 914 1864 lnce
942 1799 1003 1875 frui
1031 1800 1110 1867 aelle
1133 1800 1339 1882 profiteretur
1359 1802 1446 1880 (ibid.
1469 1826 1496 1872 v.
1515 1808 1577 1872 851)
1598 1829 1667 1895 τσο
1695 1816 1775 1877 tolo

108 1911 199 1990 sqq.),
221 1904 336 1987 quihus
358 1903 391 1968 in
413 1902 661 1985 professionibus
683 1903 806 1984 pariter
825 1910 921 1985 atque
943 1901 977 1968 ia
999 1901 1090 1967 malis
1111 1901 1236 1966 artibus
1257 1902 1397 1968 sinceras
1419 1912 1452 1969 et
1472 1914 1653 1975 constantes
1674 1912 1776 1977 socias

109 2006 221 2071 habuit
243 2005 330 2069 chori
353 2003 485 2069 ancillas
506 2004 597 2088 (ibid.
619 2026 647 2071 a.
669 2010 729 2071 857
744 2025 806 2088 sq.:
830 1995 931 2087 κάγώ,
956 1998 1039 2088 φίλη
1062 2004 1241 2077 δέσποινα,
1266 2007 1443 2090 συμφορὰν
1465 2005 1557 2074 θέλον
1576 2013 1774 2098 mereamim

110 2105 197 2194 tried
220 2103 241 2192 ἢ
262 2113 380 2172 θανεῖν
407 2102 428 2194 ἢ
454 2105 671 2192 ζῆνκαλῶς),
701 2106 814 2192 dignas
835 2128 915 2192 φατε
937 2106 1060 2172 meliori
1090 2128 1219 2176 caussae
1248 2108 1412 2177 servirent
1463 2110 1524 2176 Sed
1546 2134 1619 2182 cum
1642 2116 1779 2185 Creusae

111 2214 312 2298 paealagogus
334 2220 367 2278 et
386 2212 535 2289 ancillae,
561 2213 704 2296 quamvis
724 2212 788 2279 fido
809 2213 929 2286 ammo,
951 2211 1044 2278 malis
1065 2212 1227 2277 emineant
1246 2212 1370 2278 artibus
1392 2217 1558 2300 pravisque
1581 2218 1780 2287 facinoribus

111 2324 144 2383 et
169 2315 345 2400 paedagogi
375 2315 488 2380 alacris
515 2313 653 2380 fidelitas
682 2337 721 2381 ex
747 2337 784 2381 eo
815 2314 946 2381 fortasse
977 2314 1063 2379 fonte
1091 2315 1262 2391 emanarit,
1293 2317 1348 2398 qni
1378 2316 1521 2385 homiues
1543 2319 1584 2385 ad
1607 2322 1780 2406 desperata

112 2422 217 2501 potius
247 2424 279 2482 et
305 2417 431 2499 perdita
456 2439 551 2500 quam
580 2416 621 2482 ad
650 2438 805 2501 generosa
828 2417 914 2482 facta
942 2418 1095 2501 inpellere
1123 2419 1216 2495 solet,
1249 2442 1289 2486 ex
1311 2431 1396 2484 metu
1423 2430 1456 2486 et
1482 2424 1597 2505 privati
1619 2425 1777 2493 commodi

111 2521 231 2595 studio,
260 2520 454 2586 abstinemus
480 2520 572 2585 laudo
595 2521 727 2585 istorum
750 2520 913 2586 bominum
942 2526 975 2585 et
996 2520 1037 2585 ed
1059 2541 1163 2586 servos
1185 2520 1290 2605 regiae
1313 2519 1424 2584 domus
1449 2521 1637 2606 Mycenaeae
1660 2526 1779 2593 iterum

114 2647 172 2690 nos
192 2626 418 2702 convertimus,
445 2626 501 2709 qui
521 2626 683 2710 generosis
704 2633 737 2691 et
757 2624 905 2693 fidelibus
924 2627 1022 2691 animi
1045 2624 1224 2690 adfectibus
1246 2624 1347 2708 magis
1369 2646 1466 2708 quam
1487 2626 1633 2692 dominus
1652 2629 1702 2694 rel
1721 2627 1778 2696 do·

115 2731 201 2794 minu
221 2729 416 2811 praestitisse
438 2728 585 2794 ridentur
605 2736 639 2796 et
660 2730 720 2794 hac
741 2737 874 2797 naturae
896 2729 1092 2811 praestantia
1114 2749 1167 2794 eos
1189 2726 1283 2811 longe
1305 2739 1472 2810 superant,
1507 2751 1585 2812 quos
1608 2732 1783 2817 Aeschylum

115 2836 207 2901 finxit
221 2833 392 2902 sceleribus
408 2833 677 2920 Clytaemnestrae
695 2839 728 2898 et
743 2834 887 2919 Aegisthi
902 2834 963 2899 nisi
979 2834 1127 2899 inanibus
1144 2832 1248 2900 verbis
1270 2833 1531 2900 uon’resistentes
1548 2834 1618 2918 (cfr.
1630 2857 1702 2920 pag.
1714 2840 1780 2922 24)

116 2939 197 3005 Nam
225 2939 311 3004 idem
341 2939 487 3014 fortme,
517 2958 612 3021 quem
642 2937 736 3003 modo
764 2935 1019 3011 commemoravi,
1051 2956 1162 3010 senex,
1194 2935 1248 3018 qui
1279 2934 1546 3017 Agamemnonem
1573 2935 1721 3002 educavit
1749 2944 1784 3004 et

115 3047 259 3112 Orestem
281 3046 321 3111 ab
343 3045 512 3110 inminenti
534 3043 675 3126 periculo
694 3043 843 3119 serravit,
865 3041 898 3105 in
918 3039 1032 3106 Electr.
1054 3060 1080 3101 r.
1104 3043 1165 3104 663
1187 3036 1323 3102 candido
1349 3038 1535 3129 sinceroque
1556 3040 1663 3106 animo
1684 3038 1780 3124 profi·

117 3158 203 3217 tetur
224 3149 360 3216 libenter
380 3171 414 3215 se
431 3149 512 3213 mori
534 3147 628 3223 velle,
650 3147 677 3211 si
698 3145 788 3212 dirae
811 3145 916 3211 caedis
939 3145 1015 3210 olim
1035 3145 1069 3208 in
1089 3145 1252 3210 dominum
1274 3153 1419 3228 patratae
1441 3154 1586 3213 auctores
1606 3148 1648 3214 ad
1666 3152 1784 3218 Orcum

117 3255 228 3320 missos
249 3253 378 3330 viderit,
406 3253 513 3338 regiae
537 3250 649 3317 domus
677 3250 811 3335 gloriam
838 3257 934 3332 ablue
968 3248 1102 3315 salutem
1132 3257 1165 3314 et
1186 3249 1280 3314 simul
1302 3271 1421 3333 poenas
1450 3251 1604 3317 scelerum
1631 3253 1787 3335 repetitas

118 3357 218 3441 pluris
245 3377 340 3440 quam
362 3355 461 3421 vitam
482 3354 663 3421 aestimans.
714 3352 771 3418 (ui
795 3374 884 3419 servo
907 3352 992 3418 haud
1021 3353 1185 3419 dissimilis
1205 3354 1447 3422 Andromachae
1470 3377 1563 3422 serva
1592 3363 1625 3424 et
1645 3357 1786 3442 quodam

120 3462 212 3527 modo
238 3480 401 3537 conserva,
432 3457 596 3525 fidelitatis
627 3455 752 3522 vinculo
783 3463 879 3521 antea
908 3478 979 3520 cum
1006 3455 1123 3522 Priami
1157 3464 1233 3522 tunc
1263 3479 1332 3523 cum
1355 3459 1472 3525 Phthia
1494 3459 1588 3525 domo
1608 3461 1787 3541 coniuncta,

119 3575 206 3635 metu
228 3587 291 3631 non
313 3563 542 3638 deterrebatur,
571 3562 649 3645 quin
671 3560 798 3626 Peleum
826 3557 867 3624 sd
889 3558 948 3622 filii
971 3559 1042 3623 iura
1072 3567 1183 3626 contra
1204 3562 1395 3628 inminentes
1418 3563 1611 3632 Hermionae
1638 3577 1789 3636 ementes

118 3673 209 3738 dolos
231 3667 430 3738 defendenda
459 3673 645 3742 arcesseret,
675 3665 730 3731 sed
762 3664 971 3746 profitebatur
998 3663 1161 3748 (Androm.
1186 3688 1211 3730 v.
1235 3669 1290 3733 sol
1313 3668 1359 3733 ire
1382 3691 1415 3735 se
1438 3670 1532 3747 velle,
1564 3673 1688 3741 etiamsi
1712 3678 1787 3745 mali

120 3775 242 3860 aliquid
262 3775 339 3857 (quo
360 3793 444 3838 mora
466 3770 638 3857 significari
660 3769 800 3853 videtur)
821 3771 904 3833 esset
924 3786 1071 3847 passura,
1094 3778 1127 3831 et
1146 3766 1179 3830 in
1197 3766 1289 3834 Herc.
1306 3769 1379 3835 Fur.
1396 3792 1422 3836 r.
1440 3777 1499 3838 261
1525 3794 1615 3841 senes
1637 3776 1788 3858 Thebani,

119 3882 323 3964 antiquorum
345 3899 455 3963 regum
484 3875 547 3941 fido
577 3877 685 3942 animo
714 3895 869 3941 memores
895 3879 929 3938 et
951 3871 1025 3956 Lyci
1055 3867 1276 3935 crudelitatem
1305 3872 1512 3954 inprobantes
1541 3880 1680 3947 siceum
1701 3883 1787 3950 adio

119 3991 276 4069 quantur:
299 3979 383 4064 3μοῦ
405 3979 526 4061 ζῶντος
548 3975 587 4045 οὗ
609 3983 732 4058 κτενεῖς
754 4000 838 4043 ποτε
861 3973 938 4052 τούς
954 3969 1174 4056 Ἡρακλείους
1195 3973 1334 4050 παῖδας.
1360 3997 1422 4060 (1110
1445 3981 1595 4048 maiorem
1617 3985 1678 4050 sibi
1697 4007 1787 4068 pan·

121 4086 200 4151 bant
220 4082 394 4147 honestatis
415 4080 543 4146 laudem
564 4100 659 4164 quam
681 4078 779 4144 ceteri
801 4075 981 4141 'thebarum
1003 4077 1086 4141 cives
1107 4077 1234 4161 ingrate
1252 4083 1285 4143 et
1302 4079 1436 4164 ignobili
1457 4083 1564 4150 animo
1583 4087 1791 4157 seditionibus

122 4187 274 4269 novisque
296 4185 390 4252 rebus
412 4183 513 4250 dediti
533 4191 566 4249 et
588 4182 661 4248 odio
679 4183 821 4248 absentis
841 4182 994 4247 Herculis.
1027 4183 1149 4261 Quibus
1164 4185 1292 4251 senibus
1315 4188 1402 4253 nullo
1425 4190 1518 4256 modo
1538 4194 1705 4262 inferiores
1722 4219 1792 4266 ema

122 4295 273 4362 videntur
294 4291 449 4358 fidelitate
478 4312 586 4358 servae
615 4290 704 4365 illae,
736 4311 817 4375 quae
844 4289 1012 4355 Theonoae
1044 4289 1218 4375 Aegyptiae
1248 4300 1355 4374 partes
1385 4299 1496 4361 εοεαε
1522 4296 1638 4364 iratum
1660 4299 1794 4370 fratrom

123 4398 301 4467 defendunt
321 4403 353 4463 st
374 4418 432 4480 pro
453 4395 594 4472 domina,
624 4415 721 4480 quam
750 4388 988 4479 εὐσεβεστάτην
1010 4392 1174 4475 adpellant
1200 4393 1324 4478 (llelen.
1345 4418 1373 4464 r.
1401 4400 1508 4484 1633),
1537 4399 1674 4469 libenter
1695 4406 1793 4472 ritem

124 4528 158 4573 se
180 4506 312 4572 daturas
338 4503 389 4568 his
409 4503 516 4570 verbis
543 4503 733 4586 profitentur
755 4524 781 4563 r.
809 4505 905 4567 16³9:
938 4505 1043 4567 κτεῖνε
1066 4498 1146 4582 (scil.
1169 4505 1249 4583 nost·
1276 4495 1435 4585 σύγγονον
1460 4502 1497 4570 δὲ
1528 4503 1588 4589 στξν
1610 4499 1651 4572 οὗ
1670 4514 1796 4590 κτενεῖς

125 4603 215 4697 ἡμῶν
238 4601 390 4683 ἑκόντων,
414 4599 487 4671 ἀλλ’
509 4601 571 4687 ἔμ’·
592 4601 638 4684 ὥς
661 4603 728 4689 πρὸ
751 4605 924 4671 δεσποτῶν
945 4608 1031 4668 τοῖσε
1056 4599 1235 4685 γενναίοισι
1258 4599 1393 4680 δούλοις
1413 4599 1649 4674 εὐκλεέστατον
1666 4616 1794 4681 θανεῖν.

126 4713 196 4791 Qus
215 4709 374 4778 sententia
395 4711 606 4790 praestantius
628 4706 749 4793 aliquid
772 4707 821 4773 rel
842 4707 1028 4790 exquisitius
1050 4707 1102 4772 rix
1124 4707 1165 4772 ab
1187 4707 1227 4771 iis
1249 4710 1448 4788 pronuntiari
1470 4719 1610 4792 poterat,
1633 4717 1689 4801 αφ’
1711 4717 1792 4781 unti-

127 4814 292 4899 qnioribus
312 4818 440 4880 noemae
466 4815 570 4895 gentis
591 4813 787 4896 tenporibus
809 4809 974 4877 clientelae
998 4809 1208 4881 feudatoriae,
1241 4831 1337 4892 quam
1369 4811 1603 4878 iurisconsulti
1626 4814 1795 4898 adpellunt

130 4914 360 4985 necessitudine
389 4916 534 4982 obstricti
562 4917 689 5001 regibus
717 4914 765 4980 vel
791 4914 935 4996 patronis
965 4935 1063 4997 usquc
1096 4912 1135 4978 ud
1168 4921 1302 4979 mortem
1333 4913 1425 4980 tidem
1458 4926 1621 5000 praestare
1643 4919 1796 4987 solebant,

131 5021 228 5088 Cuius
253 5019 328 5088 fidoi
354 5016 661 5104 praestantissimum
691 5019 868 5102 exemplum
898 5015 1065 5099 Euripides
1098 5018 1187 5083 uobis
1215 5017 1378 5100 proposuit
1407 5041 1596 5103 generosum
1618 5019 1796 5106 fortemque

1608 5137 1645 5190 ¹10
