4236 5624
1833 522 1853 582 5

156 730 165 755 ι
194 686 274 753 aus
295 690 329 750 et
344 682 474 749 honoris
489 680 617 766 fastigio
631 677 773 745 deiectus
786 675 837 743 sel
858 674 1057 763 aegritudine
1078 675 1177 741 anmi
1191 676 1315 743 aminis
1332 675 1443 743 liberis
1462 677 1512 744 rel
1532 678 1657 748 insania
1670 682 1735 750 sire
1750 681 1855 749 furore

195 787 347 853 divinitus
368 786 497 851 iuuriaso
518 783 685 850 laborabat
706 780 834 867 quidem
856 788 884 846 et
905 786 996 846 order
1017 787 1047 844 in
1068 789 1180 865 campo
1203 806 1330 848 munera
1350 786 1464 849 erradrd
1486 787 1586 861 Aleis,
1618 793 1682 870 ipse
1700 810 1786 853 suurn
1809 812 1858 853 eor

193 901 285 961 edens.
310 899 457 959 δονοιόιοο
481 897 601 975 rests'qr's
623 892 770 975 ratane),
792 887 847 953 sed
869 908 1040 971 numquam
1063 906 1100 952 eo
1120 887 1347 969 desperationis
1370 911 1551 975 progressus
1573 900 1634 965 est,
1664 901 1699 956 ut
1720 916 1758 958 ex
1780 894 1853 959 soli·

192 1000 317 1073 tudine,
345 1019 440 1081 quarn
462 997 495 1060 in
517 996 615 1060 animi
635 990 984 1075 doloribusscaptabat,
1007 1012 1040 1055 se
1062 998 1267 1074 prompturus
1289 1004 1421 1058 mortem
1444 995 1504 1058 sihi
1527 997 1741 1063 conscisceret.
1787 997 1854 1063 llos

194 1129 233 1172 ne
258 1105 425 1187 Euripides
446 1101 572 1187 quidem
595 1102 695 1168 tinxit.
739 1099 772 1164 Si
795 1100 900 1184 igitur,
923 1098 977 1182 qui
1000 1097 1171 1178 asperitate
1193 1117 1233 1160 ea
1249 1095 1309 1159 t‘uit
1327 1103 1359 1159 et
1378 1098 1564 1163 inmanitate
1581 1107 1712 1164 natsrrue
1728 1110 1762 1162 ut
1779 1120 1851 1165 oon·

191 1231 317 1294 gressus
337 1207 463 1293 quidem
486 1207 647 1271 hominum
668 1205 790 1288 lugeret
809 1210 904 1285 atquo
926 1201 1056 1275 odisset,
1080 1199 1164 1266 idem
1186 1201 1282 1264 vitam
1301 1222 1362 1264 non
1386 1201 1477 1285 sugit,
1500 1203 1554 1267 sed
1575 1225 1673 1287 risque
1696 1204 1737 1269 ad
1760 1205 1854 1273 finem

191 1315 351 1388 tolerarit,
381 1335 483 1377 nonno
507 1318 591 1376 recte
615 1309 755 1374 dicemus
783 1308 954 1373 Homerum
975 1305 1014 1369 de
1037 1305 1103 1368 rita
1124 1305 1170 1367 ita
1191 1305 1361 1378 censuisse,
1391 1306 1623 1391 qualescunque
1645 1318 1750 1373 essesut
1772 1311 1854 1377 ritae

191 1419 398 1491 condiciones,
419 1414 587 1479 dummodo
609 1420 694 1478 reete
715 1412 818 1477 facere
841 1410 889 1475 rel
912 1431 975 1473 uon
998 1410 1135 1490 turpiter
1157 1410 1259 1475 vivero
1283 1410 1407 1486 liceret,
1440 1414 1535 1477 ritum
1559 1417 1652 1479 morti
1673 1438 1739 1482 esse
1762 1439 1851 1500 prae·

191 1521 378 1587 serendam?
414 1519 501 1583 Idem
524 1519 645 1583 censuit
666 1524 774 1582 auctor
797 1515 906 1586 Rhesi,
928 1513 1015 1577 cuius
1036 1513 1223 1577 auctoritate
1247 1536 1340 1595 saepe
1359 1516 1422 1579 ianr
1444 1516 1588 1581 hocloco
1606 1526 1684 1587 utor,
1705 1521 1852 1602 quoniam

192 1624 300 1689 sahulu
322 1647 360 1688 ex
382 1625 458 1706 ipsis
481 1623 624 1687 Troianis
646 1623 758 1685 castris
779 1621 868 1704 quasi
891 1618 1078 1699 deprompta
1102 1619 1259 1684 interdum
1283 1621 1425 1695 Homeri,
1448 1630 1481 1686 ut
1506 1624 1550 1687 ita
1573 1625 1691 1699 dicam,
1714 1629 1852 1693 animum

191 1731 300 1812 spiret.
346 1728 425 1792 Nam
450 1734 551 1792 suater
574 1727 669 1791 Rhesi
692 1748 762 1790 cum
790 1724 962 1790 audivisset
991 1722 1186 1787 carissimum
1211 1723 1308 1788 lilium
1331 1725 1501 1790 iuventutis
1531 1726 1606 1791 tiore
1630 1730 1783 1793 nitentem
1804 1730 1850 1794 io·

192 1836 328 1918 stipante
347 1833 489 1897 Minerva
510 1832 550 1895 ab
573 1831 666 1895 Ulixe
688 1836 720 1895 et
740 1828 891 1895 Diomede
913 1847 980 1891 esse
1002 1825 1240 1902 obtruncatum,
1264 1852 1454 1914 quamquam
1478 1854 1539 1896 non
1562 1835 1685 1917 ignorat
1708 1835 1764 1899 filii
1784 1838 1849 1901 ani·

193 1959 275 2002 niam
304 1937 421 2002 inferos
448 1957 510 1999 non
538 1957 606 2000 esse
633 1933 793 1999 adituram
817 1931 894 1999 (oris
926 1920 990 1998 ehu
1019 1929 1117 2015 γαίας
1145 1929 1193 2010 εἰς
1221 1931 1424 2017 μελάγχιμον
1448 1937 1560 2013 πέδον,
1589 1960 1614 2004 r.
1639 1946 1728 2023 962),
1759 1940 1854 2008 seda

192 2040 381 2120 Proserpina
401 2039 568 2103 liberatum
592 2039 646 2109 iri,
667 2039 799 2103 funestis
813 2038 962 2122 querellis
981 2046 1136 2104 mortuum
1154 2040 1252 2105 lilium
1269 2043 1468 2110 lamentatur.
1506 2045 1593 2108 Licet
1616 2047 1699 2110 enim
1718 2043 1851 2132 ἄνδρω-

193 2143 401 2228 ποδαίμονος
423 2148 520 2210 vitrum
548 2147 643 2231 degat
672 2155 743 2228 post
773 2155 904 2211 mortem
935 2146 1057 2210 Rhesus
1086 2153 1119 2211 et
1149 2144 1280 2225 Βάκχου
1306 2144 1481 2234 προφήτης
1504 2147 1573 2221 fiat,
1607 2149 1694 2214 nulla
1723 2151 1852 2227 laetitia

190 2251 278 2314 nulla
299 2250 477 2315 iucunditas
500 2272 539 2315 ne
560 2250 593 2313 in
616 2251 675 2314 hac
697 2249 823 2332 quidem
848 2249 926 2323 vita,
949 2249 975 2312 si
998 2247 1125 2332 quidem
1148 2251 1212 2314 rita
1234 2255 1338 2331 potest
1359 2248 1437 2323 dici,
1461 2250 1562 2315 inesse
1586 2251 1716 2318 ridetur.
1772 2254 1851 2320 Nam

191 2362 335 2443 queritur
362 2359 453 2423 Musa
475 2360 536 2423 sihi
557 2366 715 2424 mortuum
739 2378 806 2422 esse
829 2356 928 2420 tilium
956 2377 1055 2439 neque
1087 2376 1235 2438 umquam
1258 2354 1357 2418 lucem
1381 2363 1619 2436 conspecturum
1649 2357 1695 2421 rel
1719 2373 1852 2425 matrem

191 2471 431 2538 conuenturum,
455 2462 625 2529 secludit)
642 2457 835 2547 κρυπτδςέν
852 2449 986 2542 ἄντροις
1005 2463 1062 2544 τῆς
1086 2455 1279 2541 ὑπαργύρου
1296 2457 1419 2538 χθονὸς
1440 2457 1585 2524 κειίιετιιι
1608 2461 1742 2539 βλέπων·
1763 2462 1853 2546 φάος

190 2569 310 2648 σεμνὸς
331 2571 437 2631 τοῖσιν
460 2563 563 2630 εἰδιῖοι
590 2566 679 2643 θεός.
725 2564 899 2630 Obscurum
922 2569 1066 2629 estsere
1089 2563 1165 2648 quid
1187 2564 1247 2628 sihi
1271 2563 1405 2626 voluerit
1432 2563 1491 2626 hoc
1515 2562 1582 2626 loco
1608 2564 1787 2646 Euripides,
1817 2578 1852 2630 ut

190 2673 318 2735 omuino
337 2669 419 2753 quod
442 2669 483 2732 ad
506 2669 655 2751 mysteria
676 2670 868 2733 Graecorum
890 2690 960 2734 cum
984 2671 1145 2736 Eleusinia
1174 2679 1240 2734 tum
1262 2669 1401 2751 Orphica
1427 2678 1459 2734 ot
1480 2670 1615 2734 Thracia
1635 2673 1773 2751 pertinet
1794 2672 1848 2737 oh-

190 2802 315 2845 scurum
338 2785 402 2853 cst;
431 2778 484 2843 sed
511 2784 614 2860 potest
644 2778 736 2843 facile
759 2779 968 2859 praetermitti
996 2780 1074 2845 haec
1096 2778 1248 2863 quaestio.
1296 2775 1449 2839 Solatium
1472 2797 1510 2838 ex
1538 2781 1622 2839 sorte
1643 2774 1698 2839 filii
1722 2778 1852 2859 eiusque

190 2878 515 2966 rivtlpsonodmpom'q
540 2889 642 2947 mater
664 2883 760 2948 Rhesi
784 2888 868 2946 certe
900 2904 961 2948 nou
982 2884 1103 2961 hausit,
1134 2903 1205 2946 num
1229 2879 1308 2945 adeo
1338 2880 1370 2942 in
1394 2878 1495 2942 luctus
1517 2879 1572 2943 dut
1593 2881 1730 2944 animum
1753 2889 1788 2945 ut
1809 2918 1852 2928 —

188 2985 269 3050 solet
292 2985 376 3048 enim
399 2983 567 3064 Euripides
591 2983 756 3048 mulierum
784 3005 855 3049 osor
877 2986 1032 3062 miserias,
1054 3008 1134 3069 quae
1156 3007 1194 3048 ex
1215 2983 1360 3065 coniugio
1383 2981 1540 3046 interdum
1565 2992 1742 3051 nascuntur.
1766 2984 1851 3049 lraud

189 3111 261 3152 raro
284 3087 377 3150 nimis
398 3107 509 3169 urgere
532 3124 571 3132 *
593 3088 643 3151 hia
664 3087 769 3151 verbis
791 3088 829 3152 de
851 3110 965 3156 sedem
983 3091 1125 3158 discedat
1147 3115 1173 3156 u.
1197 3095 1259 3158 980
1281 3111 1364 3173 sqq:
1387 3081 1413 3153 «i
1439 3090 1641 3154 παιδοποιοὶ
1666 3089 1849 3175 συμφοραί,

192 3191 290 3256 πόνοι
319 3193 458 3277 βροτῶν.
492 3184 538 3267 ὥς
567 3189 658 3267 ὅστις
688 3188 773 3272 ὑμᾶς
801 3192 844 3275 μὴ
878 3199 984 3272 κακῶς
1013 3195 1196 3278 λογίζεται.
1236 3187 1341 3270 ἅπαις
1371 3192 1488 3257 διοίσει
1522 3187 1580 3256 xor'·
1610 3192 1712 3256 τεκών
1741 3192 1852 3279 δάψει

190 3294 352 3364 τέκνοᾞ.

317 3398 377 3464 Sed
398 3397 493 3462 redeo
515 3397 597 3463 unde
620 3419 802 3483 progressus
823 3421 900 3466 sum.
938 3400 1064 3482 Optime
1082 3398 1207 3473 Ulixes,
1229 3398 1338 3480 quanti
1362 3398 1425 3461 vita
1441 3396 1585 3462 ducenda
1605 3399 1659 3473 sit,
1682 3401 1745 3463 suis
1763 3400 1849 3467 labo·

190 3505 289 3579 ribuS,
312 3525 368 3568 sua
390 3503 545 3585 patientia
567 3503 689 3584 prohat.
728 3501 807 3566 Nam
830 3502 855 3566 si
876 3503 925 3566 eui
943 3504 1052 3568 Ulixes
1071 3509 1204 3568 mortem
1226 3503 1355 3583 cupiens
1378 3501 1460 3581 (ride
1484 3524 1580 3583 supra
1595 3525 1664 3589 pag.
1687 3508 1715 3592 1)
1734 3508 1852 3573 nimiae

188 3632 284 3694 ‹qnum
302 3609 401 3672 virum
422 3608 540 3673 hahere
559 3615 716 3690 parasset
735 3608 886 3673 mollitiae
907 3608 1072 3673 indulsisse
1086 3609 1218 3684 ridetur,
1239 3617 1306 3673 toto
1322 3608 1477 3692 Odysseae
1493 3611 1631 3676 carmine
1650 3612 1727 3675 haec
1744 3613 1852 3694 opinio

190 3715 353 3787 refellitur,
383 3713 465 3797 quod
494 3713 527 3776 in
551 3734 587 3777 eo
618 3713 753 3777 niaxime
776 3718 919 3776 versatur
947 3719 982 3777 ut
1011 3713 1170 3786 ostendat,
1204 3720 1280 3797 quot
1312 3715 1407 3785 mula,
1437 3723 1587 3797 quantam
1616 3714 1746 3781 deorum
1769 3721 1850 3786 iram

190 3819 305 3882 ardens
327 3815 451 3881 vivendi
476 3813 632 3896 cupiditas
655 3814 753 3895 possit
776 3832 932 3894 supemre.
988 3812 1096 3897 Neque
1118 3817 1199 3882 ntale
1222 3839 1284 3902 quo
1306 3839 1398 3882 sensu
1422 3818 1576 3883 ilemems
1597 3822 1707 3886 mortis
1726 3823 1848 3891 deside·

191 3924 271 3987 rium
290 3923 444 3987 tribueret
460 3922 547 3987 Ulixi
569 3920 731 4002 perspexit
751 3919 915 3992 Horatius,
938 3919 991 4001 qui
1010 3918 1093 3983 haud
1115 3923 1275 3997 inmemor,
1298 3931 1334 3988 ut
1352 3923 1483 3999 ridetur,
1504 3927 1663 4005 Mineruae
1684 3930 1848 3995 verborum

190 4030 224 4092 in
247 4030 354 4113 Odyss.
381 4056 395 4092 ι·
419 4035 475 4096 291
503 4050 569 4112 sqq.
611 4027 764 4092 Tiresiam
786 4026 870 4109 opud
892 4028 1010 4092 inferos
1030 4028 1249 4110 obiurgantem
1272 4028 1347 4093 iacit
1367 4029 1508 4103 Ulixem,
1531 4033 1582 4096 cui
1603 4033 1665 4097 iarn
1690 4055 1748 4097 non
1773 4035 1851 4099 satis

191 4134 230 4196 sit
260 4136 383 4195 Ithacum
407 4136 505 4195 resedi
527 4137 693 4215 patriosque
717 4138 832 4214 penates
859 4134 1007 4216 adspicere
1032 4130 1138 4214 (Satir.
1162 4130 1207 4207 ll,
1230 4138 1263 4207 5,
1286 4134 1328 4218 3).
1384 4132 1450 4197 lam
1474 4134 1507 4196 in
1531 4135 1661 4200 exordio
1683 4136 1852 4218 exponitur

312 4339 335 4387 ‘l
356 4336 407 4389 t't'r.
427 4337 480 4390 (fic.
500 4337 577 4390 Tuae.
599 4337 644 4393 lll.
664 4340 706 4393 aa.
725 4342 772 4395 dt:
798 4337 873 4392 Runa
893 4337 1081 4392 zum-ars.
1130 4336 1170 4388 ne
1190 4337 1391 4404 Bellerophonte
1409 4340 1517 4407 eiusque
1536 4343 1629 4395 misera
1649 4351 1720 4396 sone
1737 4344 1851 4404 rontern'

191 4432 279 4490 paese
300 4423 398 4474 i'reller
415 4424 518 4476 (triech.
541 4423 624 4490 Myth.
645 4425 668 4477 ll
688 4441 713 4492 p.
732 4425 855 4481 fvt-ss.
875 4425 909 4478 de
932 4423 1022 4477 tabula
1044 4424 1199 4492 Euripides.
1225 4427 1266 4478 rui
1288 4427 1335 4479 hoc
1360 4444 1452 4482 nomen
1475 4431 1632 4492 inscribitur,
1656 4441 1683 4485 et
1703 4431 1737 4483 de
1757 4435 1851 4500 ultera,

190 4526 258 4576 «purae
277 4518 304 4562 et
321 4509 378 4576 ipsa
400 4509 608 4577 Bellerophontis
625 4522 721 4564 sortem
740 4525 878 4581 persecuta
895 4529 953 4567 esse
972 4511 1082 4570 ridetur,
1102 4514 1268 4569 Sthenelum
1289 4516 1413 4579 llartunr
1433 4519 1522 4588 Rurip
1543 4519 1635 4573 Rcstit
1655 4520 1666 4574 1
1685 4538 1709 4590 p.
1728 4522 1761 4574 ts
1778 4539 1851 4594 ηιμ

191 4604 241 4649 :dut
261 4615 333 4666 sqq.;
355 4597 479 4651 Welclrer
498 4600 601 4654 liriech.
622 4601 719 4669 Tragg.
738 4621 762 4672 p.
783 4604 833 4656 tat
851 4619 923 4671 sqq:
942 4604 992 4657 ‘i'i'l
1010 4621 1067 4673 sqq.

313 4689 352 4742 “l
371 4687 397 4738 Si
417 4687 475 4753 quis
490 4687 538 4740 hor
556 4687 613 4740 loco
632 4704 773 4756 provocare
792 4691 853 4744 uelit
872 4689 905 4743 ad
926 4688 1054 4744 Ἠλύσιον
1068 4692 1166 4745 πεδίον
1179 4701 1204 4743 et
1220 4691 1332 4746 Menelai
1346 4695 1516 4748 ιὶνιοδνυονν,
1534 4710 1602 4761 quae
1620 4695 1691 4764 apud
1709 4696 1851 4754 Homerum

194 4774 359 4828 inveniuntur
378 4777 395 4824 d
414 4775 566 4832 tel—fert.
586 4774 626 4828 rel
644 4775 677 4827 ad
699 4775 928 4831 Rhadamanthum
948 4777 1027 4833 alios.
1051 4793 1110 4830 ruox
1131 4779 1243 4833 inveniet
1265 4797 1317 4847 quo
1336 4781 1391 4834 inre
1409 4782 1475 4834 hane
1493 4783 1703 4849 provocationem
1722 4787 1854 4849 instituat,

193 4878 251 4914 rom
271 4862 422 4929 cognouerit
441 4860 509 4929 quod
530 4860 636 4914 Nitasch
655 4862 689 4914 de
707 4863 746 4916 his
765 4863 843 4916 rehus
862 4862 978 4930 disputat
999 4865 1131 4930 ,lamhee
1149 4863 1160 4917 l
1180 4882 1204 4932 p.
1223 4868 1273 4919 :tat
1293 4883 1346 4933 sq:
1368 4867 1404 4919 iil
1423 4883 1446 4934 p.
1467 4869 1525 4922 2⁸l.
1546 4872 1597 4924 :tto
1615 4887 1653 4938 sq.
1672 4873 1816 4928 sss-un.
