4236 5624
1848 718 1890 781 63

220 891 277 954 vix
304 888 383 953 satis
409 887 531 952 sincero
557 884 668 949 mortis
689 882 846 948 desiderio
878 882 1066 947 obstrictum
1094 878 1244 956 vidimus,
1274 882 1307 945 in
1337 880 1577 944 Andromachae
1608 878 1717 943 fabule
1745 879 1891 946 servilem

224 991 455 1064 condicionem,
476 992 573 1053 antea
593 990 660 1050 tam
680 983 784 1049 diram
805 991 839 1050 et
859 985 919 1068 ipsi
942 991 976 1050 et
999 984 1129 1067 coniugi
1153 983 1221 1065 (cfr.
1238 982 1330 1049 llum.
1347 988 1376 1044 7.
1386 1006 1412 1049 r.
1437 988 1498 1049 462
1514 1004 1582 1067 sqq.
1602 998 1633 1047 et
1653 1004 1748 1066 snpra
1769 1004 1839 1065 pag.
1856 986 1891 1069 3)

221 1097 338 1171 risum,
360 1092 481 1176 perfert
501 1097 536 1156 et
554 1089 689 1155 Phthiae
712 1089 811 1153 vitam
832 1088 921 1173 degit
942 1110 1007 1152 non
1029 1086 1124 1150 beuta
1148 1086 1275 1170 quidem
1297 1094 1331 1153 et
1352 1087 1450 1163 breta,
1471 1086 1526 1152 scd
1547 1095 1632 1152 sorte
1655 1108 1726 1161 sua,
1747 1088 1891 1171 qualisa

220 1198 290 1265 lato
308 1200 483 1263 constituta
503 1202 566 1272 est,
588 1200 751 1271 contenta,
773 1194 857 1278 quod
877 1194 911 1258 in
932 1193 1064 1277 prologo
1085 1193 1156 1275 ipsa
1174 1191 1300 1272 copiose
1319 1191 1457 1272 exponit.
1498 1189 1696 1256 bumeliam
1718 1202 1789 1273 pust
1806 1193 1887 1257 occi·

218 1322 292 1369 sum
313 1302 480 1376 maritum,
501 1297 696 1363 trucidatum
719 1298 958 1381 Astyanactem,
981 1296 1121 1379 patriam
1139 1293 1277 1360 deletam
1292 1314 1356 1359 nun
1371 1294 1455 1358 omni
1471 1314 1526 1375 spe
1542 1303 1629 1359 cerret
1647 1316 1729 1377 (puae
1745 1294 1891 1360 Hectoris

218 1408 299 1475 olim
321 1412 392 1473 erut
410 1426 505 1483 uxor;
533 1405 629 1468 immo
658 1423 699 1468 ne
730 1402 847 1467 lectum
874 1401 1003 1485 quidem
1026 1400 1149 1482 speruit
1170 1399 1252 1471 eius,
1284 1398 1372 1462 cuius
1396 1406 1487 1478 pater
1508 1398 1656 1462 maritum
1678 1398 1837 1465 occiderat
1858 1407 1890 1465 et

218 1510 276 1595 qui
298 1510 369 1592 ipae
389 1512 521 1573 eruenta
539 1525 635 1571 manu
663 1505 786 1589 regium
808 1504 921 1570 Troiae
942 1503 1107 1568 Priamum
1128 1500 1315 1565 coniecerat
1361 1499 1510 1576 Quamvis
1539 1500 1639 1565 invita
1659 1522 1729 1565 eum
1751 1500 1890 1585 Neopto-

219 1612 306 1681 lemo
327 1610 564 1685 concumberet,
592 1609 765 1674 concubuit
784 1614 892 1673 tamen
915 1606 986 1692 (uir.
1008 1603 1158 1671 Androm.
1182 1625 1210 1670 v.
1235 1602 1304 1686 38),
1326 1623 1499 1686 quaecum
1522 1613 1591 1669 tota
1612 1628 1652 1670 ex
1673 1628 1752 1671 novo
1775 1609 1889 1673 marito

220 1712 389 1798 penderet,
409 1718 480 1779 tota
500 1713 597 1778 etiam
618 1711 652 1775 in
674 1732 713 1777 eu
735 1711 809 1788 fuit,
830 1716 868 1776 ut
889 1710 1041 1775 maritum
1062 1716 1097 1776 et
1118 1716 1225 1775 natum
1246 1730 1285 1773 ex
1308 1729 1346 1774 eo
1365 1708 1465 1773 lilium
1488 1708 1551 1775 fido
1572 1732 1679 1777 amore
1700 1713 1886 1795 complecte-

217 1822 320 1895 retur,
341 1823 468 1882 etcum
489 1817 573 1883 vitae
594 1816 712 1898 cupida
733 1823 868 1881 mortem
892 1823 1048 1882 metueret
1069 1813 1158 1901 (ibid.
1183 1835 1210 1877 v.
1234 1820 1304 1898 ll),
1334 1813 1380 1877 ita
1400 1813 1434 1876 in
1454 1819 1539 1879 sorte
1562 1835 1620 1878 sna
1640 1814 1837 1900 adquievisse
1857 1824 1891 1885 et

219 1918 352 1985 delicias
373 1918 511 2004 quodam
535 1918 628 1984 modo
649 1940 689 1984 ex
711 1919 841 1985 miseria
860 1925 895 1985 at
914 1919 1018 1994 luctu,
1047 1923 1083 1980 nt
1103 1911 1264 1980 interdum
1287 1933 1355 1976 mos
1376 1918 1426 1977 est
1446 1932 1670 1996 generosarum
1692 1914 1890 1989 feminarum,

220 2022 362 2089 ιιιιιιιιιι
384 2021 475 2105 (ibid.
496 2044 523 2089 v.
540 2028 581 2090 al
596 2025 658 2107 sq.)
679 2021 812 2100 videtur,
838 2030 876 2089 ut
897 2022 1087 2098 Hermiona,
1115 2036 1310 2105 quamquam
1332 2015 1495 2093 inmeriws
1516 2015 1586 2081 0i1¹⁸
1607 2015 1760 2083 barbam
1779 2039 1891 2095 mm,

220 2125 278 2211 qui
299 2124 400 2191 nimis
416 2124 546 2192 levitate
569 2131 784 2203 cernerentur,
805 2125 1014 2208 exprobraret
1028 2125 1158 2210 (ibide.
1175 2125 1233 2187 169
1248 2120 1340 2205 sqq).
1374 2118 1481 2185 Unum
1503 2126 1628 2187 tautum
1649 2121 1890 2192 Andromachae

220 2222 347 2290 vivendi
367 2223 576 2305 cupiditatem
598 2245 749 2307 superare
768 2230 889 2307 potest:
922 2246 994 2291 cum
1017 2226 1103 2291 enim
1124 2224 1209 2290 hunc
1231 2222 1335 2287 diram
1357 2224 1576 2291 necessitatem
1598 2226 1659 2292 sibi
1682 2227 1789 2294 videat
1815 2249 1887 2311 pro·

220 2329 373 2411 positam,
405 2333 461 2392 ant
489 2328 619 2409 parvulo
640 2328 707 2393 lilio
740 2327 940 2394 moriendum
960 2347 1030 2394 esse
1051 2330 1109 2388 aut
1128 2323 1190 2405 ipsi
1214 2320 1289 2398 sibi,
1321 2328 1389 2386 tum
1410 2321 1536 2389 demum
1562 2327 1646 2392 uitae
1671 2329 1890 2397 amantissime

220 2434 327 2493 mater
344 2428 490 2493 meminit
510 2430 574 2494 iam
589 2435 662 2511 post
677 2428 805 2494 Troiam
827 2436 954 2511 captam
973 2434 1006 2493 et
1027 2425 1164 2490 occisum
1180 2424 1349 2490 Hectorem
1365 2425 1507 2495 decuisse
1529 2454 1563 2497 ea
1579 2440 1712 2501 mortem
1726 2458 1890 2520 quaerere,

219 2534 290 2595 ιιιιιι
310 2525 438 2594 demum
459 2549 563 2605 arm,
593 2528 634 2595 sd
665 2550 760 2611 quam
792 2530 992 2614 confugerat,
1025 2527 1178 2611 relinquit
1208 2534 1241 2593 et
1270 2529 1407 2594 inimicis
1437 2554 1527 2598 snam
1548 2536 1646 2602 vitam
1674 2560 1733 2621 pro
1755 2540 1888 2608 llolotto

220 2654 286 2701 uun
310 2654 351 2698 ex
371 2632 524 2709 Hectore,
544 2637 600 2700 sed
622 2656 661 2699 ex
683 2633 890 2717 Neoptolemo
912 2640 988 2699 nate
1011 2633 1115 2699 obsert
1136 2631 1226 2715 (ibid.
1249 2653 1276 2698 v.
1300 2634 1386 2716 alu),
1405 2635 1451 2700 sie
1472 2638 1640 2705 ostendens
1660 2663 1755 2725 qnam
1776 2644 1889 2729 ingens

219 2733 341 2801 moris
359 2734 408 2799 ris
429 2735 465 2799 in
486 2733 577 2801 bonis
597 2737 754 2802 matribus
776 2737 819 2801 sit
840 2743 873 2802 et
894 2758 991 2822 qnam
1012 2738 1125 2816 paratu
1146 2737 1180 2795 et
1200 2730 1285 2795 laete
1308 2732 1415 2797 animo
1437 2736 1540 2817 ipsam
1561 2740 1659 2804 sitam
1686 2740 1889 2823 profundant,

219 2836 443 2921 profundendo
469 2839 642 2904 maximum
664 2845 699 2906 et
725 2840 989 2921 pretiosissimum
1016 2837 1111 2915 illud,
1139 2835 1224 2921 quod
1252 2836 1422 2922 unicuique
1453 2843 1548 2907 matri
1579 2845 1612 2908 in
1635 2846 1701 2912 vita
1728 2854 1761 2914 et
1786 2849 1889 2917 salute

219 2942 396 3011 liberorum
417 2944 556 3026 positum
576 2965 645 3011 esse
665 2943 800 3019 ridetur,
822 2946 940 3011 bonum
961 2948 1078 3011 emant.

349 3046 454 3112 Pauca
472 3051 597 3112 tantum
618 3045 757 3112 diximus
778 3046 819 3113 de
840 3069 876 3112 re
899 3069 1016 3132 magna
1037 3052 1071 3115 et
1093 3047 1197 3133 gruum
1228 3053 1315 3111 uetat
1337 3066 1394 3111 nos
1415 3046 1509 3128 plura
1529 3045 1654 3115 adsume
1675 3057 1708 3116 et
1729 3050 1887 3121 Menoecei

220 3168 281 3232 pro
302 3149 427 3232 patriae
448 3148 549 3214 salute
570 3154 706 3215 mortem
726 3150 919 3231 appetentis,
948 3151 1120 3218 Erechthei
1148 3158 1245 3234 atque
1265 3151 1454 3216 Praxitheae
1477 3151 1559 3216 filius
1587 3172 1644 3234 pm
1673 3154 1889 3222 conservande

219 3252 329 3336 patria
345 3251 583 3332 inmolantium,
604 3253 778 3318 multorum
793 3253 929 3319 aliorum
946 3257 1067 3337 optima
1081 3263 1115 3322 et
1135 3256 1298 3321 carissima
1312 3255 1397 3321 bona
1415 3254 1498 3321 laeta
1514 3256 1787 3337 profundentium,
1808 3280 1885 3343 qno

219 3355 309 3421 niam
328 3353 406 3419 deus
427 3353 517 3420 iubet
538 3360 571 3420 et
591 3375 702 3419 sensus
724 3354 889 3430 honestus,
919 3356 1112 3423 mentionem
1136 3358 1240 3425 lucere
1271 3366 1305 3425 et
1325 3366 1450 3441 tempus
1469 3367 1502 3423 et
1529 3361 1667 3442 spatium
1688 3382 1886 3429 ιοιιιιιιιιιιιι

219 3456 278 3523 sed
299 3457 378 3524 satis
393 3456 515 3523 dictum
536 3458 611 3535 erit,
631 3459 659 3523 si
675 3458 756 3523 mihi
770 3460 955 3544 contigerit,
978 3458 1012 3523 id
1033 3461 1118 3543 quod
1139 3484 1232 3545 spero
1254 3462 1334 3527 mihi
1352 3463 1535 3547 contigisse,
1557 3465 1701 3530 evinmre
1717 3474 1751 3531 et
1765 3472 1889 3533 eeteros

219 3572 333 3651 poetas
351 3567 490 3652 tragicus
519 3572 553 3632 et
581 3566 768 3648 Euripidem
797 3568 831 3631 in
853 3566 1012 3651 plerisque
1034 3565 1149 3632 sabulis
1172 3568 1317 3632 homines
1338 3572 1427 3631 tanto
1450 3566 1532 3631 vitea
1555 3588 1663 3632 amore
1688 3576 1722 3633 et
1743 3567 1823 3634 lucis
1841 3570 1884 3634 vi·

219 3670 343 3739 dendae
366 3670 581 3754 fruendaequa
602 3670 761 3736 desiderio
780 3672 953 3737 instructos
971 3672 1115 3749 finxisse,
1142 3682 1192 3749 ut,
1225 3674 1288 3739 nisi
1310 3672 1382 3739 dira
1402 3673 1573 3740 necessitas
1593 3674 1687 3739 aliter
1709 3675 1814 3741 lacera
1835 3696 1888 3741 eon

219 3775 338 3860 coegit,
359 3776 446 3839 omni
468 3773 592 3839 ratione
614 3773 713 3838 vitam
729 3794 914 3839 conseruere
939 3775 1086 3859 vitaeque
1104 3775 1356 3842 iucunditatibus
1376 3776 1527 3842 delectari
1549 3785 1716 3860 cuperent,
1737 3799 1800 3861 quo
1819 3781 1887 3861 epti

219 3873 336 3943 flerent
354 3876 397 3943 ad
417 3876 554 3942 salntem
575 3876 759 3943 hominibus
780 3876 920 3943 dandam
942 3879 1144 3961 numinisque
1166 3879 1265 3945 divini
1287 3880 1495 3953 voluntatem,
1522 3884 1643 3963 quain
1664 3883 1748 3949 hane
1769 3890 1885 3951 terram

218 3984 327 4045 ιιιιιιι
345 3978 487 4057 demissi,
507 3978 748 4063 exsequendam.
790 3980 881 4058 Quod
902 3980 945 4046 ad
966 4002 1024 4047 nus
1044 4004 1169 4067 quoque
1192 3984 1348 4065 pertinet,
1369 3984 1424 4066 qui
1446 3992 1480 4050 et
1500 3985 1562 4067 ipsi
1576 3986 1722 4052 iubemur
1744 4009 1885 4073 repena-

216 4088 297 4162 τεῖν,
320 4080 384 4161 ι’ως
406 4082 445 4149 τὸ
464 4086 540 4168 φῶς
560 4079 686 4166 ἔχομεν,
709 4080 765 4148 ἵνα
785 4081 832 4167 μὴ
856 4078 975 4148 σκοτία
997 4078 1084 4170 ἡμᾶς
1106 4082 1280 4173 καταλάβῃ
1301 4085 1370 4171 (Ει.
1391 4085 1500 4155 ιοιιιιιι.
1524 4088 1600 4164 Xll,
1622 4093 1692 4175 35),
1714 4098 1748 4155 et
1767 4088 1886 4154 similes

217 4212 288 4259 sne
306 4190 338 4257 ei
357 4192 412 4275 qui
433 4191 473 4257 de
495 4212 530 4257 se
548 4191 632 4255 dixit
653 4190 744 4275 (ibid.
759 4189 822 4263 lx,
847 4189 896 4272 l):
923 4186 983 4271 drus*
1002 4192 1054 4256 dei
1067 4186 1271 4277 ἐργάζεσθαι
1285 4191 1327 4257 τὰ
1350 4188 1430 4282 ἔργα
1453 4196 1513 4259 τοῦ
1534 4190 1798 4285 diapenticus,
1821 4190 1886 4267 ι’ως

215 4290 328 4380 ἡμέρα
351 4292 450 4358 ἐστίν·
472 4292 603 4382 ἔρχεται
624 4295 697 4373 νύξ,
722 4292 778 4359 ὅτι
801 4290 912 4371 οὐδεὶς
932 4291 1071 4361 δύναται
1093 4292 1307 4383 ἐργάζεσθαι.
