4236 5624
1844 697 1890 759 27

217 869 254 929 et
274 861 368 944 paulo
390 864 462 943 post
482 860 515 922 in
537 859 643 940 patria
664 857 762 921 vitam
781 854 898 938 degere
919 854 1012 919 dulce
1034 854 1096 918 sibi
1119 853 1218 917 risum
1241 874 1310 919 esse
1330 873 1423 918 caeco
1445 858 1478 918 et
1498 854 1679 918 mortalium
1699 855 1888 921 miserrimo.

218 963 429 1043 Quamobrem
452 962 501 1028 vel
523 960 661 1027 mendici
684 958 902 1024 condicionem
925 957 980 1040 qui
1003 954 1078 1018 olim
1099 975 1155 1019 rex
1178 953 1238 1017 suit
1255 955 1347 1018 morti
1365 954 1517 1035 praetubt
1531 976 1630 1038 usquo
1645 955 1686 1020 ad
1701 955 1734 1020 id
1752 963 1904 1039 tempus,¹

219 1086 282 1148 quo
303 1061 380 1127 deus
400 1084 473 1130 eum
494 1062 629 1136 vocarit,
652 1064 690 1124 ut
711 1059 829 1123 bonurn
852 1056 1012 1138 acciperet
1036 1053 1100 1117 vita
1121 1052 1213 1139 longe
1237 1057 1352 1131 maius,
1374 1055 1414 1121 de
1434 1078 1496 1139 quo
1518 1064 1630 1139 postea
1650 1057 1887 1126 ridebimus.—

220 1168 258 1233 ln
280 1167 390 1233 eadem
404 1166 517 1247 Oedipi
534 1164 663 1231 Colouei
685 1160 793 1228 sabula
811 1160 970 1236 Ismenmn
984 1158 1126 1222 videmus
1149 1157 1256 1222 ablato
1277 1167 1369 1239 patre
1392 1160 1458 1223 acri
1481 1162 1592 1224 mortis
1608 1160 1766 1227 desiderio
1783 1163 1888 1228 teneri

218 1291 245 1335 v.
273 1273 353 1335 1689
376 1289 459 1351 sqq:
489 1264 573 1330 κατά
593 1289 635 1347 με
659 1261 779 1351 φόνιος
806 1256 921 1337 Ἀΐδας
944 1258 1016 1322 λ’λοι
1039 1257 1143 1347 πατρὶ
1169 1258 1346 1335 ξυνθανεῖν
1373 1263 1496 1347 γεραιῷ
1519 1259 1689 1340 τάλαιναν,
1714 1258 1760 1340 ὥς
1780 1259 1889 1348 ἔμοιγ’

218 1367 239 1435 ὁ
262 1371 392 1452 μέλλων
412 1366 488 1450 βίος
512 1361 550 1433 οὐ
572 1361 695 1448 demeris
717 1363 812 1449 (quae
836 1364 933 1429 verba
953 1359 1101 1425 Aldinam
1124 1362 1297 1429 editionem
1317 1370 1443 1430 secutus
1463 1366 1567 1430 nescio
1589 1388 1645 1429 eur
1666 1365 1771 1451 Bergk
1794 1366 1885 1430 Auti-

220 1495 321 1559 gonae
344 1473 512 1556 tribuerit),
533 1470 589 1536 sed
611 1469 719 1534 statim
742 1467 831 1533 ebori
850 1488 942 1532 senos
962 1468 1134 1533 demissum
1156 1472 1280 1552 puellae
1300 1475 1442 1539 arriraunr
1464 1474 1714 1555 reprehendunt,
1737 1475 1887 1558 quoniam

220 1574 304 1661 quod
325 1574 402 1639 deus
432 1573 555 1638 miserit
583 1571 727 1635 homines
755 1588 856 1650 aequo
884 1568 990 1633 animo
1012 1567 1123 1634 deceat
1144 1570 1235 1638 serre.
1280 1572 1404 1640 Nimiae
1436 1576 1520 1639 euim
1541 1576 1695 1641 anxietati
1719 1577 1889 1661 indulgere

222 1681 383 1762 nimioque
403 1676 539 1743 maerori
561 1674 705 1756 iniquum
728 1691 808 1744 esse,
831 1673 1019 1749 praesertim
1042 1693 1112 1736 cum
1136 1673 1196 1754 ipsi
1219 1698 1341 1740 morum
1363 1678 1578 1761 integritatem
1596 1700 1658 1743 non
1680 1678 1888 1761 polluerimus

219 1785 311 1871 (ibid.
322 1806 350 1849 v.
368 1789 446 1850 1693
459 1779 551 1864 sqq).
581 1775 735 1843 Similiter
750 1773 944 1857 Antigonam
961 1775 1071 1839 mortis
1088 1776 1245 1843 desiderio
1261 1782 1768 1868 1111111111ιοονοριιιωβὴῑον.
1785 1784 1888 1865 1733),

221 1910 292 1954 cunr
315 1888 366 1952 vir
388 1887 471 1950 dixit
492 1881 624 1948 delicias
653 1879 715 1944 sibi
738 1878 833 1942 luisse
855 1879 940 1942 mala
968 1882 1122 1944 carissimi
1145 1886 1246 1964 patris
1269 1908 1379 1951 caussa
1398 1895 1556 1968 suscepta,
1586 1895 1619 1952 et
1648 1897 1774 1972 gratnm
1803 1887 1888 1971 quod

222 1992 306 2058 haud
329 2012 479 2074 umquam
501 1992 627 2069 gratum
649 2005 716 2049 esse
739 1982 855 2048 soleret
871 1982 961 2063 (ibid.
978 2006 1005 2049 v.
1027 1990 1104 2050 1697
1122 1992 1212 2070 sqq),
1231 1997 1263 2053 ct
1286 2011 1376 2054 senes
1397 1997 1430 2054 et
1446 1989 1585 2055 Theseus
1606 2011 1663 2054 rex
1685 1990 1890 2055 consolantur

220 2096 311 2181 (ibid.
334 2118 360 2160 v.
387 2101 465 2160 1737
487 2112 553 2177 sqq.
580 2095 656 2156 1751
679 2087 774 2170 sqq.):
799 2106 872 2148 narn
894 2082 928 2148 ἕν
949 2078 999 2163 οἷς
1017 2083 1112 2172 χάρις
1134 2083 1151 2174 ἡ
1173 2093 1297 2170 χθονία
1322 2090 1569 2172 ξυνατιόκειτιει,
1595 2099 1734 2159 πενθεῖν
1756 2089 1795 2160 οὗ
1815 2092 1888 2181 qu'·

221 2204 352 2284 νέμεσις
380 2197 453 2285 γάρ.
505 2197 615 2278 Neque
644 2194 728 2277 regis
758 2190 1036 2256 adhortationibus
1066 2214 1237 2276 senumque
1266 2197 1492 2262 monitionibus
1516 2218 1579 2261 non
1609 2197 1770 2262 oboedivit
1798 2199 1890 2263 tortis

221 2305 345 2386 puellae
369 2303 505 2367 animus:
535 2321 607 2363 nam
630 2319 657 2361 1.
684 2301 764 2362 1769
786 2316 853 2377 sqq.
886 2295 973 2359 mais
1004 2295 1144 2360 consiliis
1173 2307 1205 2362 ct
1234 2322 1313 2365 noso
1342 2301 1440 2366 animi
1469 2301 1576 2384 vigore
1610 2302 1753 2384 uitaeque
1780 2324 1889 2368 aurore

222 2412 408 2475 instructam
431 2407 583 2490 virginem
609 2403 734 2467 1111111
756 2401 860 2466 redire
884 2402 1037 2479 ridemus,
1060 2408 1094 2465 ut
1116 2402 1270 2482 inpediat,
1293 2404 1319 2466 si
1339 2404 1450 2484 possit,
1474 2404 1608 2467 fratrum
1627 2404 1728 2468 iliram
1749 2405 1888 2470 caedem

221 2511 381 2592 Quomodo
403 2512 473 2592 ipsa
496 2509 655 2590 Antigona
677 2511 811 2569 niortem
837 2505 967 2568 obiisset
994 2510 1028 2567 et
1049 2523 1146 2583 snpra
1167 2502 1180 2577 1
1181 2523 1251 2587 pag.
1280 2505 1331 2584 11)
1353 2511 1631 2569 commemoratum
1653 2511 1756 2570 estet
1778 2512 1890 2588 postea

221 2619 388 2694 ridebitur,
409 2639 481 2681 cum
499 2616 539 2680 de
565 2635 674 2680 eornm
695 2617 797 2676 morte
821 2612 993 2694 loquemur,
1010 2612 1065 2692 qui
1083 2611 1180 2673 vitam
1202 2605 1405 2686 profundunt,
1427 2614 1463 2671 ut
1479 2608 1642 2672 moriendo
1658 2611 1758 2674 matins
1771 2612 1888 2677 bonum

221 2721 445 2803 adsequantur.
477 2756 516 2764 -
546 2718 583 2781 Iu
605 2715 846 2780 Trachiniarum
875 2714 983 2780 sabula
1004 2715 1173 2779 Deianirae
1196 2711 1336 2774 animum
1359 2711 1437 2775 illucl
1461 2712 1579 2794 ipsum,
1609 2713 1691 2796 quod
1716 2736 1809 2798 saepe
1831 2717 1885 2782 ud-

222 2824 352 2906 pellaii,
384 2820 495 2886 mertis
516 2818 707 2884 desiderium
728 2817 857 2881 invadit.
910 2816 1024 2881 Statim
1047 2838 1073 2881 r.
1102 2823 1137 2880 15
1162 2838 1207 2899 sq.
1237 2816 1333 2880 tlenei
1366 2818 1431 2881 lilia
1460 2824 1589 2881 enirmat
1617 2839 1649 2882 se
1674 2828 1806 2884 mortem
1828 2822 1889 2885 sibi

221 2934 400 3008 exoptasse,
427 2930 465 2988 ut
492 2922 620 2988 Acheloi
648 2923 756 2985 niariti
785 2922 949 3003 amplexus
977 2924 1140 3007 effugeret.
1193 2923 1269 2987 Cum
1293 2946 1366 2988 sero
1397 2945 1498 3006 neque
1528 2925 1654 3006 Europa
1677 2925 1774 2989 (lirini
1805 2929 1890 2992 uiuri

223 3053 362 3099 amorem
392 3050 492 3112 neque
516 3027 603 3092 Leda
624 3027 717 3109 cygni
748 3047 849 3108 neque
872 3026 953 3090 aliae
979 3027 1129 3090 mortales
1159 3024 1293 3089 feminae
1318 3025 1450 3089 aliorum
1475 3027 1689 3090 inurortrlinrn
1711 3035 1886 3095 aniabuum

225 3154 347 3200 amores
367 3152 425 3213 pro
445 3137 536 3196 tanto
552 3130 636 3194 malo
656 3129 775 3194 babere
797 3128 947 3203 solerent,
969 3139 1002 3190 111
1026 3134 1159 3193 mortem
1182 3150 1216 3192 re
1238 3150 1311 3191 vera
1331 3129 1484 3193 eiusmodi
1506 3130 1665 3194 acrioribus
1681 3132 1890 3212 paeserront,

224 3262 295 3305 cunr
316 3236 476 3319 Orithpia,
509 3257 590 3318 quae
613 3242 646 3300 et
672 3235 743 3316 ipso
770 3233 876 3317 regiae
904 3234 1011 3314 stirpis
1034 3241 1101 3297 erat
1125 3239 1157 3296 et
1179 3233 1343 3297 borridum
1365 3241 1460 3317 atique
1484 3235 1641 3298 liirsntum
1664 3235 1797 3301 Boream
1828 3240 1889 3303 nisi

223 3346 322 3410 inrita
343 3364 406 3407 non
429 3339 626 3424 sequebatur,
649 3358 719 3402 curn
742 3357 855 3418 aspero
874 3341 982 3400 tamen
999 3336 1130 3419 coniuge
1148 3338 1366 3402 concubuisset
1384 3338 1526 3421 filiosque
1544 3340 1888 3423 [renunciatione.

222 3453 297 3517 Met.
320 3455 349 3524 o,
370 3447 542 3530 61111111),
565 3446 617 3509 rix
638 3443 790 3509 credibile
813 3441 936 3505 ridetur
959 3442 1141 3505 Deianiram
1163 3447 1296 3503 urortem
1319 3440 1415 3505 fnisse
1437 3441 1667 3523 quaesituram,
1689 3444 1715 3506 si
1738 3444 1890 3513 llercules

214 3562 278 3620 aut
300 3573 361 3617 uon
383 3549 562 3614 advenisset
582 3555 640 3613 aut
662 3547 702 3611 ab
727 3545 864 3610 liebeloo
886 3552 1048 3626 superatus
1073 3549 1162 3607 esset.
1202 3541 1248 3604 lix
1272 3542 1418 3625 virginali
1442 3545 1540 3626 igitur
1561 3545 1673 3609 timore
1696 3568 1733 3610 ac
1757 3549 1891 3615 mollitia

222 3654 301 3719 baec
316 3647 471 3715 moriendi
488 3646 646 3727 cupiditas
669 3651 739 3711 orta
755 3644 880 3709 ridetur
902 3654 995 3727 atque
1015 3644 1196 3708 sinceritate
1213 3647 1452 3728 constantiaque
1469 3668 1590 3722 carere,
1611 3651 1799 3729 pnresertim
1819 3673 1890 3717 cum

223 3754 375 3821 Deianira
395 3753 473 3817 satis
494 3752 574 3816 sciat
596 3751 770 3816 iuventutis
792 3771 858 3813 esse
881 3771 944 3812 non
966 3748 1098 3812 tristitia
1118 3754 1254 3814 aetertem
1277 3773 1472 3830 consumere,
1502 3753 1554 3818 sed
1578 3754 1701 3819 deliciis
1723 3759 1805 3824 sitae
1829 3760 1889 3824 srui

222 3879 322 3941 usqne
344 3855 385 3920 ad
407 3854 441 3917 id
464 3860 602 3935 tempus,
629 3853 684 3917 ubi
716 3853 804 3936 virgo
825 3852 932 3916 uxoris
953 3850 1100 3914 munibus
1122 3850 1255 3936 iungens
1284 3856 1445 3919 nocturnis
1467 3856 1550 3919 euris
1573 3867 1742 3939 occupetur
1762 3861 1891 3944 eiusque

222 3962 375 4027 sollicitus
398 3957 523 4021 animus
545 3957 593 4022 vel
614 3956 740 4040 coniugi
762 3957 873 4020 timeat
895 3954 944 4020 vel
967 3953 1076 4018 liberis
1090 3954 1178 4033 (ibid.
1193 3978 1219 4022 1.
1236 3963 1292 4023 tlt
1309 3980 1390 4041 sqq:
1414 3957 1452 4021 τὸ
1469 3959 1532 4045 γάρ
1548 3957 1664 4038 rodger
1687 3959 1720 4025 ἕν
1742 3964 1891 4028 τοιοῖσδε

223 4060 380 4144 βόσκεται
400 4054 559 4143 χώροισιν
580 4051 691 4132 αὑτοῦ,
714 4053 772 4120 καί
794 4081 843 4120 νιν
867 4051 905 4119 or‘¹
930 4053 1066 4129 θάλπος
1086 4058 1180 4133 θεοῦ,
1206 4052 1276 4122 odo'
1300 4052 1441 4147 λ’μβρος,
1475 4056 1552 4125 ortes·
1578 4060 1773 4143 ἰνιιγιάιων
1794 4058 1892 4132 οὐδέν

224 4163 349 4239 κλονεῖ,
374 4153 445 4225 dtt’
470 4153 606 4244 ἡδοναῖς
628 4152 780 4240 ἅμοχθον
804 4155 929 4243 ἐξαίρει
951 4154 1026 4237 βίον
1048 4156 1083 4232 ἐς
1105 4156 1209 4231 ronn',
1233 4162 1295 4241 λἰος
1316 4188 1366 4241 τις
1389 4159 1461 4229 ἀντὶ
1483 4165 1658 4250 παρθένου
1678 4165 1755 4251 yon}
1779 4168 1895 4258 κλςθῇ

224 4265 324 4347 κτλ).
368 4263 406 4326 Iu
425 4259 565 4328 eiusdem
588 4260 714 4326 fabulae
736 4282 765 4327 v.
787 4266 848 4327 303
871 4282 938 4343 sqq.
966 4258 1118 4323 Deianira
1137 4260 1337 4345 depulsorem
1360 4268 1485 4332 inretiat
1506 4267 1625 4342 lovem,
1650 4274 1685 4331 111
1707 4270 1796 4350 prius
1817 4293 1892 4340 see

224 4369 291 4430 cita
315 4364 407 4429 tollat
433 4386 529 4447 quam
550 4364 669 4429 liberos
691 4363 798 4430 rideat
817 4365 922 4428 servili
945 4362 1121 4428 condicioni
1145 4369 1395 4437 subcumbentes.
1448 4372 1509 4438 Sed
1532 4394 1603 4436 cum
1629 4373 1745 4438 multae
1775 4382 1894 4444 matius

223 4473 341 4539 liberos
362 4470 396 4532 in
419 4471 603 4535 servitutem
626 4471 775 4552 abreptos
798 4470 935 4536 viderint
956 4492 1058 4554 neque
1081 4473 1163 4537 brine
1185 4474 1226 4539 ob
1248 4497 1406 4544 strumam.
1435 4475 1578 4560 quamvis
1597 4495 1739 4558 gravem,
1769 4477 1893 4544 sincere

224 4584 360 4642 mortem
382 4573 444 4637 sibi
465 4576 661 4654 eaoptarint,
693 4572 845 4638 Deianira
866 4571 1063 4641 lamentabili
1086 4577 1167 4642 Ioles
1189 4580 1447 4662 captivarumque
1470 4578 1658 4643 fortunarum
1678 4576 1831 4661 adspectu
1851 4581 1892 4647 sd

224 4686 346 4745 tantam
365 4675 464 4742 animi
487 4678 653 4742 tristitiam
674 4676 812 4742 adducta
832 4698 900 4741 esse
919 4679 1052 4752 ridetur,
1079 4688 1116 4744 ut
1145 4688 1262 4745 temere
1287 4683 1398 4747 mortis
1423 4682 1579 4748 desiderio
1609 4681 1803 4767 indulgeret,
1832 4688 1892 4750 uisi

226 4782 357 4848 fortasse
387 4780 449 4844 hoc
480 4780 681 4845 statuendum
709 4787 771 4855 est,
802 4766 947 4847 nereum
976 4806 1106 4850 uxorem
1137 4794 1297 4852 maternae
1325 4791 1408 4853 ritae
1438 4787 1541 4870 pretio
1571 4786 1744 4853 liberorum
1765 4811 1892 4855 anonim

227 4887 406 4952 libertatem
428 4904 449 4948 a
476 4884 537 4950 deo
559 4885 608 4951 rel
631 4885 696 4950 sarto
718 4885 806 4967 quasi
836 4885 992 4955 redimere
1013 4889 1171 4972 vitamque
1199 4887 1389 4969 profundere
1412 4889 1505 4967 selle,
1535 4894 1572 4954 ut
1593 4889 1660 4956 sita
1681 4893 1781 4956 maim
1801 4889 1890 4957 acles-

226 4993 344 5073 quatur
364 4988 489 5053 bonum.
533 4989 576 5055 Et
596 4989 674 5074 quid
701 4991 771 5072 ipsa
793 4989 871 5069 lolo,
901 4992 1017 5060 nobilis
1046 4994 1158 5078 Euryti
1181 4993 1269 5059 lilia?
1299 5015 1381 5079 quae
1409 5016 1449 5061 ex
1477 5015 1541 5078 quo
1567 5001 1709 5078 tempore
1730 5001 1893 5060 ventosam

1702 5111 1740 5164 ⁴0
