4236 5624
1870 499 1890 560 ‘l

227 665 353 732 dulcem
372 687 412 732 ex
425 666 537 730 mortis
551 664 640 747 quasi
657 662 802 729 faucibus
822 661 940 743 eripiat
958 658 1083 742 sibique
1099 666 1212 726 servet
1243 656 1386 725 Alterum
1401 656 1688 740 praeclarissimum
1703 658 1888 742 exemplum

227 774 382 851 qnantum
405 768 472 832 vita
493 766 596 832 valeat
627 766 712 832 Ulixi
738 766 883 850 quamvis
903 765 1015 848 iniqua
1035 784 1140 847 passo,
1169 771 1273 830 exstat
1293 766 1327 830 in
1350 763 1507 849 Odysseae
1531 791 1540 826 ι
1604 763 1687 830 Satis
1708 772 1817 830 notum
1839 773 1889 832 est

228 867 355 934 Ulixem
383 890 402 932 a
427 866 593 932 Cieonibus
622 866 764 952 fugatum
787 866 922 931 Maleam
950 867 1199 948 promontorium
1228 877 1517 950 praetervecturum
1548 869 1644 935 borea
1671 892 1691 933 a
1713 891 1803 934 cursu
1832 893 1889 937 suo

227 971 384 1038 deiectum
408 973 447 1037 ad
471 972 695 1056 Polyphemum
719 973 848 1037 uenisse.
901 970 1054 1047 Quicum
1084 971 1179 1037 caede
1210 994 1265 1039 sex
1287 975 1440 1039 sociorum
1463 984 1610 1040 cruentas
1632 977 1691 1040 sibi
1719 976 1817 1058 ‹lapes
1838 979 1885 1043 iu·

226 1078 395 1141 struxisset
416 1083 449 1141 et
470 1097 526 1140 nec
548 1075 623 1141 deos
644 1098 701 1141 nec
722 1075 865 1139 homines
888 1075 1005 1138 ueritus
1028 1075 1160 1139 exitium
1188 1075 1318 1159 reliquis
1339 1099 1463 1161 quoque
1487 1081 1693 1147 minitaretur.
1723 1081 1832 1146 Ulixes
1853 1082 1885 1147 id

227 1200 333 1244 secum
362 1181 467 1244 animo
488 1180 598 1250 solvit,
628 1179 783 1262 quomodo
812 1180 1144 1261 suam'sociorumque
1166 1181 1262 1245 vitam
1285 1204 1305 1245 a
1328 1184 1458 1246 monstri
1485 1183 1670 1248 crudelitato
1693 1182 1885 1252 ‹leieuderct

228 1284 361 1348 Iuventa
376 1282 566 1349 detensionis
588 1285 709 1349 ratione
725 1293 758 1349 et
778 1283 951 1348 temulento
966 1283 1112 1367 Cyclope,
1136 1305 1205 1348 cunr
1221 1283 1319 1349 sessru,
1335 1307 1444 1350 somno
1465 1288 1695 1369 procubuisset,
1718 1296 1885 1355 exeaecato

225 1387 298 1453 dolo
321 1388 426 1471 sugam
454 1389 577 1471 quaerit
605 1388 726 1463 Ulixes,
751 1410 776 1455 v.
799 1392 860 1452 420
884 1407 966 1468 sqq:
997 1385 1101 1474 αὐτὰρ
1129 1385 1191 1472 e‘yui
1220 1383 1380 1466 dorileum
1403 1387 1496 1468 ὅπως
1526 1385 1572 1471 ὄχ’
1596 1384 1715 1474 ι’ἑριοια
1744 1394 1882 1476 γένοιτο,

226 1489 262 1556 ei'
280 1486 338 1556 τιν’
362 1488 544 1577 ἑταίροισιν
565 1491 717 1557 θανάτου
746 1491 838 1557 λύσιν
862 1485 912 1572 q'd'
935 1489 1009 1571 ἐμοὶ
1041 1486 1131 1573 rrr'rrqi
1158 1485 1325 1574 er‘por'prqr·
1356 1491 1484 1569 πάντας
1512 1496 1548 1559 ‹le'
1571 1493 1765 1563 dilaceror*
1787 1501 1884 1572 μῆτιν

225 1593 369 1682 ἶῖοαινον
393 1591 421 1659 u‘i
429 1619 445 1671 ς
466 1620 510 1660 τι
533 1596 633 1680 περὶ
663 1608 693 1661 rh
702 1597 776 1678 οχῆ
783 1618 808 1671 ς.
855 1594 970 1677 Agitur
992 1596 1075 1659 enim
1098 1593 1236 1666 desita,
1259 1593 1291 1656 in
1315 1615 1377 1677 quu
1401 1597 1613 1662 conservanda
1634 1597 1744 1663 Ulixes
1763 1599 1883 1664 sollerti

226 1704 260 1762 et
280 1707 407 1763 strenuo
427 1699 532 1762 animo
552 1699 598 1762 ita
620 1697 750 1773 eminet,
773 1705 809 1759 ut
831 1716 894 1759 non
916 1695 1015 1759 solum
1039 1698 1135 1760 uitam
1157 1703 1273 1766 servet.
1296 1697 1350 1761 sed
1373 1700 1467 1763 etiarn
1487 1701 1652 1784 Cyclopem
1675 1723 1732 1784 pro
1751 1704 1883 1767 conresis

227 1801 320 1863 sociis
343 1801 518 1866 ulciscatur.
572 1801 607 1864 ln
630 1823 693 1884 quo
715 1802 798 1866 enim
821 1820 969 1882 umquam
999 1804 1064 1862 tam
1091 1795 1196 1860 alacer
1219 1798 1333 1861 mentis
1356 1799 1442 1881 rigor
1471 1807 1597 1884 tamque
1629 1803 1763 1866 invictae
1784 1804 1882 1868 animi

223 1905 307 1969 mes
329 1913 435 1983 erant,
456 1913 491 1969 ut
512 1907 566 1988 qui
589 1906 680 1970 modo
704 1906 874 1969 instantem
896 1909 1028 1967 mortem
1048 1900 1158 1984 effugit
1179 1923 1198 1965 a
1218 1904 1282 1966 suis
1303 1903 1430 1969 retineri
1455 1926 1516 1969 non
1540 1916 1657 1987 pisset,
1680 1907 1757 1989 quin
1779 1906 1881 1972 denuo

224 2008 458 2089 periclitaturus
479 2011 600 2073 cruenti
623 2010 722 2073 hostis
742 2008 951 2090 perniciosam
975 2005 1054 2068 irum
1075 2006 1250 2070 excitaret?
1288 2005 1334 2071 h'e
1358 2007 1389 2071 id
1411 2009 1538 2092 quidem
1561 2011 1681 2092 patitur
1703 2011 1824 2083 Ulixes,
1847 2018 1883 2077 ut

224 2115 271 2178 sui
295 2116 424 2178 umissos
445 2115 544 2178 socios
566 2115 713 2179 lacrumis
734 2112 901 2195 deplorent
922 2126 961 2193 tv.
982 2113 1073 2191 soit:
1105 2118 1177 2172 sunt
1205 2110 1290 2173 enirn
1320 2110 1555 2177 lacrumabundi
1578 2135 1638 2178 non
1661 2117 1728 2196 apti
1749 2115 1789 2178 ad
1812 2138 1879 2182 rein

224 2217 348 2302 inpigre
371 2217 548 2301 gerernlam.
600 2217 687 2282 Nihil
717 2217 810 2280 sociis
838 2221 971 2296 prosunt
1002 2213 1117 2278 blanda
1147 2215 1253 2290 rerba,
1281 2217 1395 2300 quibus
1416 2218 1585 2283 ,audaciam
1615 2219 1703 2283 «lucis
1733 2220 1881 2287 cohibere

224 2323 352 2387 student
375 2340 414 2404 qv.
436 2327 495 2387 494
520 2328 615 2405 sqq.):
638 2324 693 2406 qui
717 2325 812 2386 vitam
835 2322 1057 2401 deprecantem
1080 2317 1171 2383 foedo
1193 2320 1342 2386 inrisione
1365 2324 1405 2403 (v.
1429 2328 1499 2389 354.
1523 2329 1583 2389 369
1606 2326 1666 2407 sq.)
1688 2326 1824 2405 excepit,
1853 2325 1880 2389 is

225 2426 338 2508 dignus
360 2448 426 2491 esse
447 2427 571 2490 ridetur
595 2429 626 2491 in
649 2449 741 2510 qutun
765 2428 811 2490 ita
829 2432 978 2506 exceptus
1000 2422 1112 2486 acerbe
1134 2424 1301 2490 incelmtur
1322 2447 1455 2508 eumque
1481 2427 1601 2508 asperis
1624 2426 1726 2491 verbis
1747 2426 1880 2492 lacessat

225 2534 262 2598 lv.
286 2537 346 2595 475
370 2553 436 2613 sqq.
460 2537 521 2596 502
540 2553 607 2614 sqq.
631 2540 691 2599 523
715 2540 806 2614 sqq).
860 2532 922 2594 Cur
944 2530 1046 2593 haec?
1077 2527 1231 2606 Quoniam
1260 2528 1299 2592 de
1321 2530 1385 2593 rita
1405 2530 1510 2613 egitur
1537 2529 1628 2595 etde
1656 2531 1768 2615 gloria.
1798 2554 1879 2615 cquae

225 2633 291 2695 viro
314 2655 384 2697 rere
404 2637 524 2697 tiraeeo
545 2656 608 2698 una
636 2657 707 2699 cunr
731 2637 793 2698 rita
816 2655 972 2697 summum
996 2631 1112 2694 bonum
1141 2640 1188 2698 est
1215 2640 1248 2697 et
1275 2634 1410 2699 maxime
1431 2635 1649 2716 expetendum.
1702 2636 1878 2721 Utrumque

224 2739 333 2804 Ulixes
356 2750 538 2804 consecutus
568 2749 628 2817 est,
660 2750 693 2805 et
720 2749 890 2806 contentus
918 2762 956 2805 eo
982 2736 1065 2821 quod
1097 2737 1225 2819 perfecit
1257 2757 1326 2799 cum
1354 2738 1446 2800 sociis
1471 2738 1511 2801 ad
1542 2760 1670 2803 caenam
1696 2763 1728 2805 se
1757 2745 1879 2809 confert

221 2854 431 2925 catenatusque
455 2866 563 2907 somno
586 2844 708 2909 sedat:
740 2846 799 2909 scit
821 2846 905 2910 enim
926 2844 1138 2909 dulcissimam
1163 2844 1256 2907 vitam
1279 2863 1346 2906 esse
1368 2851 1530 2908 areanum.
1573 2844 1695 2909 Tertius
1716 2846 1801 2911 locus
1823 2854 1877 2933 qui

222 2948 299 3012 mibi
322 2969 445 3029 semper
467 2940 680 3014 memorabilis
703 2952 784 3015 risus
806 2959 868 3022 est,
891 2953 1038 3034 queniam
1063 2948 1288 3014 vivacissimum
1311 2947 1528 3028 pernicitatem
1553 2947 1688 3011 hominis
1709 2948 1805 3012 alacri
1829 2952 1874 3014 in·

221 3055 313 3136 genio
339 3061 372 3117 et
392 3055 474 3118 ritae
502 3053 608 3134 cupidi
640 3062 714 3136 apte
743 3056 908 3129 inlustrat,
937 3067 982 3122 est
1014 3060 1047 3123 in
1069 3057 1224 3140 Odysseae
1249 3081 1279 3116 ιι.
1331 3054 1488 3136 Abreptus
1517 3055 1550 3119 in
1575 3056 1768 3121 occidentale
1791 3080 1876 3124 mare

221 3161 331 3226 Ulixes
350 3160 433 3242 aliud
456 3161 683 3244 Laestrygonas
706 3184 800 3229 naves
822 3171 949 3245 praeter
971 3188 1065 3231 urnam
1090 3186 1197 3230 omues
1220 3168 1252 3226 et
1273 3160 1387 3224 multos
1409 3160 1562 3224 sociorum
1581 3161 1700 3233 arnisit,
1728 3172 1876 3243 expertus

223 3276 270 3334 est
293 3267 448 3334 rerreficae
472 3268 580 3333 Circae
603 3269 734 3335 callidas
757 3270 945 3339 blanditias.
968 3267 1049 3333 adiit
1070 3267 1197 3332 inferos.
1220 3262 1377 3327 consuluit
1398 3262 1564 3337 Tiresiam,
1594 3283 1663 3326 cum
1685 3265 1799 3328 animis
1821 3264 1873 3330 de·

221 3378 400 3441 lurrctorunr
421 3374 566 3456 conloqui
591 3396 687 3439 ausus
706 3383 768 3443 est.
791 3374 868 3439 uidit
892 3372 1031 3443 Sirenas,
1054 3370 1201 3453 Scyllam,
1225 3365 1413 3450 Charybdim
1436 3365 1500 3430 ulia
1520 3365 1674 3447 pericula,
1699 3366 1753 3431 sed
1774 3389 1875 3450 neque

221 3481 335 3544 funesti
359 3478 431 3541 Orci
461 3478 607 3542 horrores
637 3500 738 3562 neque
761 3479 898 3542 minaces
928 3479 1024 3541 uraris
1052 3477 1147 3541 Siculi
1177 3473 1310 3538 insidiae
1342 3493 1442 3553 neque
1469 3470 1604 3554 denique
1631 3479 1761 3553 propter
1789 3473 1875 3554 inpie

221 3593 374 3649 mactatos
397 3581 477 3645 Solis
499 3581 592 3645 boses
614 3591 714 3646 morte
736 3581 862 3664 abrepti
887 3581 961 3644 socii
985 3602 1092 3644 omnes
1117 3580 1238 3645 Ulixem
1266 3578 1365 3642 solum
1394 3577 1548 3660 reliquum
1571 3586 1710 3651 movent,
1739 3587 1774 3642 ut
1793 3581 1874 3647 sitae

221 3693 366 3756 satietate
382 3688 641 3769 miseriarumque
663 3685 767 3752 taedio
784 3705 950 3768 oppressus
967 3691 1114 3757 mortem,
1137 3708 1217 3769 quae
1238 3707 1257 3748 a
1279 3684 1370 3748 malis
1390 3685 1534 3748 omnibus
1552 3684 1679 3755 liberet,
1701 3684 1761 3749 sibi
1777 3694 1874 3768 optet

222 3796 257 3859 ld
281 3795 385 3876 pertine
406 3813 526 3856 sunnno
548 3778 654 3857 studet
680 3792 787 3857 labore
809 3801 844 3856 ut
869 3791 1044 3874 lragnrento
1065 3790 1187 3855 lacerae
1210 3790 1297 3853 nuris
1327 3789 1495 3854 inhaerens
1516 3811 1555 3853 ex
1585 3789 1751 3853 inminenti
1775 3797 1874 3856 morte

220 3901 339 3965 eradat.
379 3898 419 3961 Et
439 3897 538 3961 erasit
560 3895 694 3978 quidem.
731 3895 766 3958 lu
790 3896 849 3960 fico
870 3894 1024 3977 pendens,
1046 3895 1120 3960 dum
1140 3894 1315 3977 Charybdis
1336 3895 1517 3975 absorptum
1539 3893 1656 3958 malum
1678 3892 1874 3967 reddidisset

219 4007 323 4089 saprrci
346 4003 476 4067 consilio
498 4002 629 4066 exitium
651 4001 759 4084 effugit
788 4007 821 4066 et
840 4000 962 4065 decimo
983 4000 1034 4066 die
1057 4009 1127 4083 post
1150 4001 1259 4072 ritum,
1288 4019 1381 4081 quam
1405 3998 1486 4061 tanti
1509 3996 1599 4071 fecit,
1629 3994 1817 4059 incolumem
1840 3995 1873 4058 in

220 4109 371 4192 Ogygiam
400 4106 533 4170 insulam
562 4106 705 4171 servarit.
762 4104 853 4169 Addo
881 4105 931 4168 his
961 4107 1062 4172 tribus
1088 4105 1164 4170 locis
1189 4105 1300 4181 ulium,
1329 4105 1382 4187 qui
1413 4103 1572 4168 invenitur
1596 4103 1629 4167 in
1658 4101 1813 4186 Odysseae
1844 4126 1872 4165 ν.

218 4215 378 4279 Pallentes
405 4212 478 4275 tulit
510 4210 617 4275 Ulixes
654 4209 819 4276 blelanthii
859 4213 996 4292 caprarii
1025 4211 1168 4281 iniurius,
1206 4202 1245 4271 ori
1275 4205 1338 4292 γάρ
1368 4231 1397 4271 τι
1430 4207 1580 4291 πληγέων
1609 4200 1768 4288 ἀδαήμων
1797 4197 1874 4268 orleii

218 4316 360 4398 βολάων.
384 4316 539 4398 τολμήεις
559 4339 617 4391 μοι
640 4312 764 4395 θυμός,
796 4314 869 4380 ἐπεὶ
893 4315 978 4378 κακὰ
1006 4314 1115 4378 πολλὰ
1139 4313 1299 4376 πέπονθα
1319 4311 1440 4390 κύμασι
1464 4311 1518 4375 καὶ
1543 4311 1690 4396 πολέμῳ·
1712 4310 1796 4390 μετὰ
1819 4309 1875 4373 καὶ

219 4420 292 4486 vide
321 4425 402 4481 roim
429 4418 575 4498 γενέσθαι
599 4421 632 4496 (p
654 4421 716 4483 283
738 4419 832 4500 sqq).
864 4417 1021 4498 patienter
1048 4416 1192 4491 Antinoi,
1224 4415 1278 4498 qui
1300 4412 1446 4494 μάλιστα
1467 4412 1608 4498 μελαίνῃ
1631 4415 1703 4498 ιιι-ρι’
1726 4412 1875 4478 sisoim

217 4524 307 4603 (ibid.
331 4521 419 4601 500).
450 4521 590 4584 convicia
610 4528 642 4584 et
664 4522 820 4604 ingestum
842 4520 1029 4586 scabellum:
1061 4514 1131 4586 lid’
1154 4520 1282 4607 ἐστάθη
1306 4517 1381 4606 dire
1406 4523 1509 4604 πέτρη
1533 4517 1677 4599 ε”μιιειλον
1700 4566 1707 4581 .
1732 4566 1769 4581 ..
1800 4512 1873 4582 ἀλλ’

219 4627 324 4692 ιλιιείον
345 4624 454 4706 κίνησε
484 4619 577 4704 adpq.
602 4621 687 4686 νακά
706 4620 963 4703 βυσσοδομεύων
985 4623 1074 4705 (ibid.
1100 4630 1161 4691 463
1184 4625 1278 4708 sqq),
1308 4646 1369 4687 non
1400 4625 1552 4688 recusauit
1575 4645 1629 4688 rex
1652 4621 1875 4690 Ithaoensium.

217 4735 271 4818 qui
294 4730 367 4795 olim
396 4749 465 4791 enm
496 4727 676 4807 proceribus
697 4725 901 4792 Troianorum
929 4739 1126 4814 pugnaverat
1149 4729 1323 4814 dignusque
1346 4729 1474 4794 babitus
1496 4737 1563 4795 erat
1590 4730 1639 4792 cui
1664 4728 1759 4794 hiaoe
1789 4738 1872 4812 post·

218 4841 319 4924 posito
341 4857 430 4901 arma
445 4832 576 4899 Achillis
592 4831 801 4908 traderentur,
822 4833 899 4916 quin
927 4855 995 4898 cum
1016 4834 1068 4899 lro
1081 4833 1225 4900 mendico
1241 4835 1322 4898 iusto
1339 4835 1508 4899 certamine
1524 4831 1706 4907 luctaretur,
1729 4833 1876 4898 tolerarit
