4236 5624
235 699 276 761 18

232 862 337 926 virum
357 859 519 925 oraculum
533 855 724 940 Delphicum
739 854 933 919 Graecorum
949 851 1217 932 sapientissimum
1233 854 1454 934 pronuntiasse
1469 853 1592 931 dieitur,
1616 875 1703 930 eum,
1726 855 1753 918 si
1771 854 1905 937 quidem

233 961 281 1026 ita
302 960 341 1025 de
357 961 423 1026 vita
439 961 581 1025 humana
601 958 701 1023 sensit
721 962 757 1019 ut
778 956 912 1020 sensisse
935 975 1007 1019 eum
1027 953 1172 1036 plerique
1194 953 1314 1032 feriunt,
1335 956 1376 1019 ab
1398 956 1599 1039 antiquorum
1615 958 1807 1022 Graecorum
1828 979 1903 1024 sen-

232 1063 334 1127 tiendi
354 1063 478 1127 ratione
500 1082 630 1143 prorsus
648 1053 852 1125 abhorruisse
877 1062 910 1122 et
930 1057 1013 1120 hanc
1034 1057 1136 1137 ipsarn
1151 1056 1192 1121 ob
1214 1077 1357 1121 caussam
1377 1062 1479 1122 morte
1492 1059 1662 1123 multatum
1677 1080 1745 1124 esse
1760 1060 1907 1123 dicemus

232 1165 308 1252 (vid.
326 1188 423 1248 supra
442 1188 514 1250 pag.
535 1166 611 1252 lb)?
652 1163 744 1242 Quod
767 1163 794 1226 si
817 1162 939 1227 Socrati
961 1161 1177 1239 concedimus,
1198 1183 1270 1226 cum
1290 1164 1448 1226 censuerit
1464 1163 1543 1227 duas
1565 1185 1632 1229 esse
1654 1165 1721 1228 vias
1743 1163 1901 1246 duplices-

232 1291 293 1352 que
316 1291 427 1334 eursus
446 1271 626 1335 animorum
647 1290 665 1332 e
687 1288 818 1348 corpore
840 1266 1072 1342 excedentium,
1093 1270 1127 1330 et
1147 1267 1303 1348 inprobis,
1324 1269 1379 1350 qui
1401 1289 1433 1332 se
1460 1273 1542 1332 totos
1560 1269 1707 1333 humanis
1723 1271 1807 1334 vitiis
1823 1291 1900 1334 con·

231 1377 475 1441 taminavissent
504 1373 754 1454 libidinibusque
785 1370 959 1447 dedissent,
991 1370 1116 1436 devium
1146 1368 1306 1451 quoddam
1335 1370 1398 1433 iter
1427 1391 1507 1443 esse,
1536 1372 1690 1435 seclusum
1718 1395 1738 1436 a
1765 1373 1902 1437 concilio

231 1474 378 1554 deorum,
401 1483 434 1541 et
449 1477 571 1558 probis,
587 1475 642 1553 qui
659 1496 691 1539 se
706 1476 845 1558 integros
865 1482 1028 1557 castosque
1043 1478 1220 1538 servassent
1234 1478 1267 1537 et
1282 1473 1315 1535 in
1331 1475 1514 1554 corporibus
1530 1476 1688 1545 humanis,
1712 1478 1901 1558 quibuscum

231 1578 364 1643 minima
376 1579 417 1642 iis
434 1577 545 1643 fuisset
562 1577 720 1660 contagio,
740 1578 838 1641 sitam
860 1578 978 1641 imitati
992 1581 1098 1640 essent
1118 1574 1262 1650 deorum,
1284 1574 1324 1638 ad
1346 1575 1431 1654 illos,
1454 1598 1474 1640 a
1494 1578 1609 1660 quibus
1631 1586 1736 1643 essent
1755 1580 1900 1660 proiecti,

231 1680 371 1747 reditum
392 1680 485 1745 facile
508 1686 632 1761 patere,
653 1679 737 1743 unde
759 1678 877 1744 facturn
899 1685 1002 1744 estut
1022 1681 1121 1746 bonos
1143 1700 1251 1743 ornnes
1263 1685 1295 1744 et
1317 1678 1425 1745 doctos
1440 1681 1534 1746 uellet
1556 1706 1670 1766 cygnos
1687 1685 1819 1760 imitari,
1840 1686 1898 1767 iqui

231 1804 304 1848 cum
328 1791 423 1849 cantu
445 1789 478 1848 et
498 1784 661 1864 voluptate
684 1789 890 1859 morerentur,
913 1783 990 1867 quid
1012 1782 1181 1849 dicendum
1203 1784 1265 1846 erit
1285 1783 1324 1847 de
1346 1785 1398 1857 iis,
1423 1787 1477 1868 qui
1500 1787 1577 1869 quid
1599 1794 1671 1867 post
1693 1789 1774 1852 hane
1796 1791 1896 1854 vitam

231 1888 373 1953 futurum
401 1895 484 1954 esset
513 1890 757 1973 nesciebant?*)
780 1890 848 1972 qni,
879 1911 1071 1972 quamquam
1097 1890 1139 1952 iis
1167 1908 1350 1968 persuasum
1378 1896 1446 1954 erat
1478 1892 1512 1954 in
1541 1898 1643 1956 morte
1673 1892 1763 1956 reddi
1790 1899 1898 1958 terrae

231 1997 351 2056 terrain
379 1996 412 2056 ct
439 1997 476 2056 ut
496 2013 609 2074 eorpus
630 1996 665 2056 in
693 1997 826 2069 terram,
856 1995 903 2058 ita
932 1994 1070 2057 animam
1098 1990 1133 2051 in
1161 1987 1293 2052 aethera
1320 1988 1408 2052 abire
1432 1995 1464 2052 et
1492 1989 1633 2059 dissolri,
1664 1996 1770 2054 amen
1792 1997 1898 2057 morte

230 2091 336 2173 abripi
358 2093 581 2173 praestabilius
603 2113 671 2157 esse
691 2092 932 2157 arbitrabantur
953 2111 1048 2174 quam
1062 2089 1166 2155 virere
1187 2096 1221 2155 et
1236 2091 1367 2156 vivendo
1389 2091 1494 2157 efficia
1514 2099 1675 2174 praestare
1700 2093 1897 2175 propinquis,

231 2194 369 2272 patriae,
391 2194 500 2276 generi
521 2193 739 2274 human0?⁸*)

312 2344 320 2355 .
360 2291 574 2373 Vituperandi
590 2291 688 2374 igitur
703 2288 850 2353 videntur
864 2286 920 2368 qui
940 2286 987 2348 ita
1007 2284 1190 2361 censebant,
1212 2289 1399 2369 praesertim
1411 2309 1483 2353 cunr
1505 2291 1585 2354 nihil
1603 2293 1772 2359 habuerint
1787 2296 1893 2360 solatii

231 2397 317 2479 quod
339 2398 454 2462 animis
473 2397 637 2460 hominum
659 2415 717 2476 pro
739 2394 855 2458 anrissa
877 2392 943 2455 rita
963 2389 1162 2469 praeberent.
1207 2389 1282 2465 Sed,
1310 2398 1345 2453 ut
1365 2392 1428 2455 iarn
1450 2393 1530 2468 disi,
1561 2403 1653 2460 erant
1671 2399 1730 2462 hae
1753 2400 1890 2483 singulo-

229 2519 301 2562 rum
323 2500 514 2564 sententiae:
537 2499 593 2580 qui
616 2519 688 2562 vere
711 2498 832 2562 Gracco
855 2495 980 2559 nemine
1002 2489 1228 2573 gloriabantur,
1250 2491 1290 2554 ah
1311 2491 1440 2556 Homeri
1462 2495 1566 2573 prisca
1588 2499 1743 2563 sentiendi
1766 2503 1891 2565 ratione

228 2623 404 2684 numquam
433 2601 628 2679 defecerunt,
655 2623 757 2682 neque
787 2621 936 2682 umquam
964 2595 1061 2658 etiam
1088 2599 1161 2673 post
1190 2592 1267 2657 belli
1295 2593 1550 2675 Peloponnesiaci
1578 2603 1723 2680 tempora
1751 2604 1798 2666 vel
1819 2611 1891 2683 post

231 2701 504 2768 Chaeroneensem
525 2723 677 2786 pugnarn,
708 2723 898 2784 quamquain
926 2720 946 2763 a
974 2697 1102 2762 Socrate
1133 2717 1254 2760 summo
1283 2697 1470 2780 philosophe
1497 2701 1795 2780 periculosissimum
1816 2726 1889 2786 pro-

229 2806 368 2886 positum
390 2811 459 2870 erat
480 2806 673 2888 exemplum,
696 2806 889 2871 Graecorum
911 2803 1008 2877 animi
1031 2798 1072 2863 ad
1095 2805 1217 2863 tantam
1238 2801 1358 2865 rabiem
1382 2809 1454 2864 suni
1477 2805 1589 2877 erecti,
1618 2812 1653 2867 ut
1675 2809 1743 2889 regi
1762 2808 1809 2870 illi
1831 2810 1889 2871 As—

228 2908 385 2990 syriorum
404 2909 522 2973 similes
544 2931 638 2975 saeva
659 2910 796 2973 mollitia
818 2908 1012 2986 libidineque
1035 2904 1189 2986 exagitati
1218 2925 1289 2968 curn
1310 2905 1459 2969 uxoribus
1488 2912 1520 2970 et
1547 2908 1658 2987 opibus
1680 2909 1741 2990 ipsi
1763 2933 1830 2976 sese
1856 2912 1891 2974 in

226 3032 339 3096 rugum
361 3014 560 3079 inmitterent
581 3015 682 3100 (ovid.
707 3015 787 3080 Ibid.
811 3017 897 3097 309).
949 3013 995 3075 Ac
1023 3010 1164 3092 prolecto
1192 3011 1277 3091 cogit
1305 3029 1362 3072 nes
1392 3009 1563 3093 Carthago,
1596 3013 1679 3094 cogit
1710 3013 1891 3085 Numantia,

225 3120 313 3201 cogit
335 3119 566 3202 Hierosolyma,
597 3124 634 3182 ut
654 3119 737 3183 cives
766 3119 917 3182 miremur
941 3122 1072 3180 cruente
1094 3115 1178 3180 ferro
1208 3120 1241 3179 et
1270 3115 1342 3179 dira
1369 3115 1495 3181 liamnia
1525 3124 1658 3183 mortem
1686 3130 1892 3201 quaerentes3

226 3220 366 3286 Graecos
388 3229 494 3288 autem
514 3223 555 3287 ab
578 3223 639 3288 hac
661 3227 771 3287 mortis
794 3224 1027 3304 contemptione
1050 3244 1087 3285 ac
1109 3219 1329 3300 despicientia,
1356 3241 1436 3301 qnae
1464 3221 1560 3283 vitam
1583 3241 1640 3301 pro
1670 3223 1770 3286 nihilo
1793 3223 1890 3299 ducii,

226 3324 320 3407 longe
340 3323 460 3390 alienos
487 3324 583 3389 fuisse
604 3332 638 3389 et
659 3324 783 3389 urendi
807 3324 1036 3405 cupidissimos
1058 3330 1155 3388 teste-s
1182 3329 1255 3386 sunt
1275 3322 1489 3395 Plataeenses,
1511 3324 1693 3406 Mitylenaei
1716 3328 1785 3396 alii.
1809 3352 1892 3410 quos

348 3563 373 3625 ‘l
393 3560 429 3613 Et
446 3562 572 3614 nesciisse
591 3562 670 3615 etiarn
686 3575 746 3630 post
758 3563 893 3617 Socratem
906 3571 932 3618 et
944 3564 1082 3618 Platonem
1100 3565 1241 3634 plerosque
1258 3574 1285 3620 et
1302 3566 1421 3620 meliores
1435 3578 1461 3620 et
1475 3566 1605 3621 doctiores
1620 3569 1787 3634 Graecorum,
1804 3580 1889 3627 testes

224 3653 288 3700 aunt
305 3653 414 3714 praeter
431 3647 497 3701 alios
515 3647 661 3709 isocrates,
680 3650 724 3716 qni
743 3653 768 3713 9,
789 3653 805 3703 ⁸2
823 3651 856 3704 de
875 3653 1011 3719 Esagora,
1033 3653 1078 3715 14,
1101 3655 1133 3706 61
1153 3653 1186 3706 de
1205 3654 1346 3706 maioribus
1365 3654 1556 3709 Platocnsinnr.
1580 3658 1621 3711 19,
1640 3657 1674 3710 ln
1693 3657 1726 3711 de
1748 3660 1890 3727 Thrasyllo

224 3732 330 3785 dubitat
348 3739 435 3786 utrum
454 3734 490 3786 sit
509 3733 603 3801 aliquis
622 3751 715 3788 sensus
734 3736 863 3790 inuiorte
882 3754 978 3800 necne,
998 3737 1134 3790 Demosth.
1154 3737 1211 3789 adv.
1230 3737 1307 3805 Lepi.
1326 3738 1358 3789 Si
1377 3745 1411 3804 lp.
1425 3739 1486 3803 483)
1507 3748 1532 3792 et
1550 3740 1661 3793 inaximo
1678 3743 1800 3810 llypcrll.
1815 3748 1888 3812 apud

224 3818 298 3871 Stoi),
319 3818 391 3872 Flor.
410 3820 449 3872 IV
465 3836 491 3887 p.
510 3820 561 3875 134
582 3822 661 3876 Mein.
682 3823 755 3888 (lii,
775 3827 819 3890 36)
839 3827 883 3891 qui
901 3825 966 3877 haec
984 3822 1060 3875 dicit:
1090 3830 1114 3877 el
1131 3831 1186 3892 μέν
1205 3825 1258 3877 ieri
1283 3823 1311 3877 τὸ
1331 3826 1488 3878 ἀποθανεῖν
1507 3826 1607 3893 ὅμοιον
1627 3834 1664 3894 τῷ
1685 3830 1723 3899 μί,
1746 3837 1887 3900 γινέσθαι.

207 3906 434 3976 ’ἀπηλλαγμένοι
459 3911 512 3961 ciel
538 3907 608 3973 (scil.
627 3911 654 3962 oi
671 3906 898 3978 τετελευτηκότες)
919 3908 1010 3965 νόσων
1028 3918 1072 3966 καὶ
1095 3911 1181 3982 λύπης
1205 3920 1249 3968 καὶ
1275 3920 1329 3969 riou
1351 3912 1443 3969 «iiiior
1461 3921 1514 3969 τῶν
1533 3920 1764 3984 apocrisiarium
1782 3927 1818 3980 εἰς
1839 3925 1890 3976 τὸν

222 3992 406 4064 ἀνθρώπινον
416 4002 486 4063 βίον·
505 4001 530 4051 ei
547 3997 572 4050 δ’
588 3999 662 4052 ἔστιν
675 4005 802 4067 αἴσθησις
820 4003 850 4055 ἐν
865 4000 935 4068 cirion
948 4007 992 4055 καὶ
1013 4005 1155 4074 ἐπιμέλεια
1174 3999 1250 4070 παρὰ
1266 4006 1313 4054 τοῦ
1331 4005 1487 4070 dictatoriae,
1506 4009 1577 4064 εἰκις
1595 4011 1649 4058 xri.
1672 4007 1712 4059 lle
1727 4010 1887 4076 tragicorum

223 4085 352 4140 similibus
370 4086 509 4141 sententiis
526 4093 620 4155 postea
637 4088 793 4153 ridebimus,
813 4090 968 4143 Latinorum
985 4093 1051 4146 satis
1069 4098 1110 4145 est
1127 4091 1280 4144 Ciceronem
1298 4106 1513 4157 commemorare,
1534 4094 1578 4160 qui
1596 4095 1622 4147 in
1638 4098 1756 4151 eratione
1774 4100 1878 4168 Philipp

223 4176 248 4239 9,
267 4177 285 4228 o
304 4175 439 4243 vulgarem
459 4174 608 4242 opinionem
629 4183 735 4230 secutus
755 4175 789 4229 de
810 4177 900 4230 Servio
924 4177 1039 4244 Sulpicio
1056 4178 1137 4230 verba
1159 4178 1257 4231 taciens
1283 4185 1310 4232 et
1333 4179 1389 4246 ipse
1410 4179 1527 4245 dubitat,
1548 4198 1610 4233 num
1629 4183 1687 4248 quis
1706 4187 1781 4236 sitin
1801 4199 1888 4240 inerte

221 4275 330 4321 sensus,
351 4261 430 4316 etde
453 4261 550 4314 amicit.
568 4262 600 4327 4,
621 4266 655 4318 13
673 4262 747 4315 dicit:
770 4264 810 4315 sin
832 4270 921 4316 autem
944 4264 989 4319 illa
1014 4268 1117 4320 veriora
1137 4271 1231 4335 (quarn
1256 4283 1324 4335 quae
1342 4269 1375 4321 de
1393 4269 1580 4323 irunortalitate
1606 4272 1750 4325 animorum
1776 4276 1885 4330 tradunt

221 4347 391 4415 philosophi),
404 4356 435 4401 ut
451 4347 521 4401 idem
539 4349 663 4402 interitus
681 4349 715 4403 sit
734 4350 879 4403 animorum
897 4356 1080 4420 etcorporum
1098 4360 1147 4406 etc.

342 4439 382 4502 ⁸*)
401 4437 455 4490 Cir.
468 4437 562 4505 Eurip.
576 4437 670 4505 fragm.
683 4438 794 4507 Hypsip.
808 4440 871 4505 752,
890 4440 922 4504 4,
941 4443 1012 4510 apud
1028 4442 1101 4497 Stob.
1115 4442 1152 4495 lV
1168 4457 1194 4509 p.
1213 4442 1247 4496 35
1265 4441 1344 4494 hiein.
1358 4440 1428 4504 (108,
1448 4443 1490 4504 11)
1509 4446 1535 4493 ct
1548 4441 1600 4495 (ic.
1617 4443 1694 4497 'l‘usc
1709 4444 1755 4500 ΠΙ,
1776 4448 1817 4507 25,
1837 4450 1886 4505 59:

221 4523 315 4591 hegin
334 4527 480 4582 Moschion.
500 4528 532 4579 11
553 4531 580 4579 et
598 4526 690 4593 Eurip.
708 4525 823 4594 Supplic.
844 4542 867 4579 r.
887 4527 938 4581 533
955 4542 1027 4595 sqq.;
1054 4529 1149 4582 Troad.
1171 4529 1236 4594 6343
1259 4529 1327 4581 Plat.
1345 4528 1455 4582 Anioch.
1476 4531 1527 4584 369
1548 4529 1583 4591 Β,
1611 4531 1654 4583 ubi
1677 4533 1800 4588 Socrates
1818 4537 1886 4590 haec

220 4610 298 4664 llicit:
319 4616 383 4681 περὶ
402 4615 457 4684 μὲν
474 4612 536 4674 τοὺς
553 4617 654 4677 ζῶντας
669 4612 733 4676 (scii.
750 4611 764 4665 t
783 4610 913 4673 θάνατος)
933 4614 984 4667 οὐκ
1002 4616 1085 4682 ἔστιν,
1106 4619 1132 4669 οἱ
1149 4618 1179 4670 lt
1198 4613 1389 4676 ἀποθανόντες
1407 4616 1457 4670 otia
1475 4622 1553 4671 εἰσίν.
1573 4616 1882 4679 t'ic.Tos‹=.1.l{l,1li:

220 4702 244 4754 si
262 4702 416 4769 (supremus
433 4701 477 4753 ille
495 4700 561 4758 diesi
581 4701 686 4769 perinut
703 4715 734 4751 ac
753 4698 824 4753 delet
842 4698 960 4754 omnino.
985 4697 1048 4765 quid
1073 4698 1165 4751 melius
1187 4712 1268 4764 quarn
1293 4699 1321 4752 in
1343 4698 1433 4752 mediis
1451 4701 1521 4752 ritae
1539 4700 1672 4753 laboribus
1691 4702 1885 4761 obdormiscere

221 4790 306 4843 etita
324 4786 487 4842 coniventem
507 4804 598 4844 somno
616 4788 748 4856 consopiri
766 4786 943 4854 sempiterno?
967 4783 1151 4853 Naegelsbach
1168 4784 1185 4836 l.
1201 4799 1224 4836 c.
1242 4801 1267 4852 p.
1287 4784 1339 4839 tal
1356 4801 1413 4853 sqq.
1439 4816 1469 4824 -
1493 4784 1676 4857 Contra,haee
1697 4791 1806 4855 pulchre
1825 4799 1881 4861 qui-

219 4877 295 4941 dem,
318 4873 366 4929 sed
382 4874 496 4927 cratone
512 4874 609 4942 Lysias
626 4880 741 4930 exeunte
759 4873 878 4927 emtione
895 4888 975 4941 quarn
993 4873 1020 4927 in
1032 4871 1237 4926 Eratosthenem
1249 4873 1341 4927 habuit
1357 4874 1433 4935 dicit,
1453 4873 1591 4931 defunctos
1612 4892 1717 4930 sensum
1739 4881 1837 4937 habere
1856 4898 1882 4938 er

216 4980 309 5018 euram
327 4979 415 5019 rerum
432 4961 615 5017 humanarum.
