4236 5624
221 709 268 772 34

223 895 255 942 τ,
277 873 340 939 385
361 891 430 953 sqq.
458 867 592 933 Hecuba
611 885 703 930 snam
728 863 829 944 ipsius
849 861 947 926 vitam
970 857 1060 924 Ulixi
1088 856 1206 937 obieri,
1236 867 1273 926 ut
1292 861 1380 929 filiae
1399 864 1500 929 vitam
1520 864 1671 944 redimat,
1700 867 1906 948 probandum

224 978 288 1043 hoc
302 975 443 1040 videtum
465 971 559 1038 decet
571 970 659 1036 enim
672 968 774 1035 bonas
795 971 913 1031 matres
931 983 996 1029 non
1010 981 1171 1040 recusare,
1191 963 1270 1046 quin
1288 982 1348 1045 pro
1367 963 1539 1033 liberorum
1556 969 1624 1033 vita
1643 969 1747 1052 ipsam
1764 979 1905 1040 mortem

226 1083 396 1161 oppetant,
424 1081 522 1159 atque
551 1073 632 1140 haec
658 1071 771 1137 mortis
799 1067 965 1136 obeundae
990 1063 1073 1130 ratio
1094 1063 1129 1127 in
1156 1065 1253 1131 tertia
1274 1064 1368 1131 huius
1389 1068 1584 1150 quaestionis
1604 1077 1697 1152 parte
1718 1072 1911 1139 adcuratina

223 1182 435 1266 perquiretur.
464 1178 575 1262 Neque
594 1176 653 1241 illa
663 1172 801 1241 infelicis
816 1172 946 1261 reginae
959 1166 1059 1232 verba
1078 1186 1106 1232 v.
1122 1170 1182 1233 391
1198 1186 1243 1250 sq.
1260 1173 1294 1234 et
1308 1173 1378 1246 396,
1399 1168 1515 1253 quibus
1529 1173 1613 1238 acris
1632 1174 1791 1240 moriendi
1814 1178 1904 1260 cupi·

227 1285 313 1351 ditas
328 1282 535 1369 significatur,
555 1273 757 1360 inprobanda
770 1271 936 1338 videntur:
959 1290 1034 1335 nam
1049 1269 1142 1335 nohis
1159 1269 1289 1353 quidem
1310 1276 1403 1338 tanta
1418 1273 1566 1340 ridentur
1581 1277 1667 1342 mala
1688 1278 1723 1342 in
1736 1278 1905 1348 Hecubam

225 1388 402 1465 intuentia,
425 1388 548 1468 quanta
566 1379 646 1447 terri
666 1377 720 1442 vix
739 1375 871 1458 possint.
914 1373 947 1438 Si
966 1372 1068 1456 igitur
1087 1377 1191 1438 mater
1211 1373 1278 1440 filia
1294 1375 1408 1442 orbata
1428 1376 1602 1444 haecdicit
1621 1401 1649 1445 ν.
1664 1386 1742 1449 431:
1766 1380 1907 1470 τέθνηκ’

225 1487 329 1576 ἔγωγε
352 1487 433 1578 πρὶν
453 1489 573 1551 θανεῖν
596 1483 704 1548 κακῶν
725 1477 803 1558 ὕπο,
835 1477 928 1543 facile
954 1479 1058 1561 quivis
1088 1480 1219 1559 sentiet,
1249 1484 1378 1565 quantis
1407 1483 1569 1551 doloribus
1599 1488 1723 1554 animus
1752 1491 1907 1560 Hecubae

225 1597 326 1664 inerit
344 1592 503 1667 adiectus,
524 1606 628 1670 neque
646 1584 816 1650 mirabitur
831 1582 932 1668 quod,
953 1589 1122 1667 postquam
1141 1606 1180 1650 ex
1194 1586 1306 1650 matris
1321 1587 1469 1669 amplexu
1483 1588 1564 1654 abiit
1579 1589 1700 1672 puella,
1720 1591 1779 1658 illa
1796 1595 1906 1659 animo

229 1699 400 1766 deficiente
428 1693 517 1759 humi
542 1689 730 1774 procumbat
758 1689 961 1770 vestibusque
994 1687 1137 1752 involuta
1175 1695 1318 1756 mortuae
1349 1691 1452 1757 instar
1478 1714 1576 1776 usque
1608 1695 1649 1759 ad
1678 1695 1843 1781 Talthybii
1870 1701 1906 1764 in

232 1824 382 1871 scaenam
402 1800 569 1866 introitum
589 1797 706 1872 iaceat,
735 1795 790 1878 qui
816 1793 1006 1876 simulatque
1028 1793 1179 1858 miserem
1202 1796 1376 1878 {conspexit
1396 1817 1492 1863 anum
1512 1820 1540 1866 v.
1555 1804 1616 1866 497
1639 1821 1694 1884 sq,
1716 1803 1905 1887 priusquam

229 1910 266 1974 in
286 1912 355 1971 tam
384 1903 494 1989 gravia
519 1900 641 1967 incidat
660 1899 759 1976 mala,
781 1903 912 1979 exoptat
932 1898 994 1962 sibi
1015 1899 1158 1981 quamvis
1188 1902 1256 1966 seni
1283 1907 1321 1965 nt
1346 1902 1508 1980 moriatur,
1530 1902 1616 1986 quod
1636 1903 1766 1987 quidem
1791 1907 1907 1972 mortis

230 2009 425 2078 desiderium
445 2007 557 2075 eodem
582 2026 677 2073 sensu
705 2003 977 2087 comprobandum
997 2005 1131 2082 ridetur,
1160 2026 1223 2090 quo
1251 2005 1344 2071 nobis
1371 2005 1500 2071 miseria
1520 2005 1671 2073 Hecubae
1692 2007 1821 2074 modum
1842 2010 1903 2074 hu·

230 2135 346 2182 manae
366 2113 540 2198 patientiae
557 2132 660 2196 paene
678 2109 831 2177 excedere
848 2111 916 2175 visa
931 2114 989 2176 est.
1018 2107 1129 2192 Pergit
1146 2107 1279 2174 Hecuba
1293 2108 1404 2173 mortis
1419 2106 1575 2173 desiderio
1589 2109 1692 2173 teneri
1705 2130 1733 2176 v.
1747 2114 1811 2176 505
1827 2131 1905 2195 sqq,

229 2223 263 2287 et
290 2219 344 2284 vix
372 2218 539 2302 praeclara
566 2216 652 2282 filiae
673 2221 775 2282 morte
796 2214 899 2281 relata
919 2215 987 2281 eius
1017 2213 1188 2295 desperans
1217 2211 1342 2276 animus
1369 2211 1499 2293 paulum
1526 2212 1695 2294 requierit,
1721 2234 1794 2278 eum
1823 2236 1905 2283 nova

230 2322 317 2390 mala
337 2326 471 2387 matrem
493 2318 667 2387 addiciunt.
710 2318 790 2382 Tum
811 2338 901 2394 vero,
922 2338 1115 2403 quamquam
1141 2316 1426 2399 ααλυπονωτάτην
1446 2320 1576 2403 βροτῶν
1590 2317 1681 2401 (ibid.
1693 2340 1720 2382 v.
1733 2320 1812 2403 771)
1826 2319 1909 2387 deus

229 2448 300 2492 eam
322 2426 438 2502 effecit,
459 2424 589 2489 minime
607 2423 683 2488 huic
703 2422 861 2489 desiderio
882 2421 1040 2507 indulget,
1063 2423 1119 2490 sed
1142 2422 1260 2504 potius,
1280 2423 1449 2502 postquam
1463 2418 1622 2485 dubitavit
1643 2425 1904 2506 utrnm‘supplex

231 2529 502 2613 Agamemnonem
522 2525 628 2592 adiret
653 2547 696 2591 an
716 2526 816 2590 tacita
845 2527 1002 2608 patientia
1023 2525 1107 2590 mala
1137 2523 1296 2605 perferret
1316 2520 1406 2605 (ibid.
1429 2541 1456 2584 v.
1479 2526 1568 2604 738),
1598 2523 1665 2588 vita
1684 2525 1789 2590 utitur
1810 2530 1903 2610 quasi

227 2631 428 2706 adiumento,
446 2649 509 2711 quo
525 2628 588 2693 sibi
603 2627 775 2693 ulciscendi
794 2626 978 2693 facultatem
998 2632 1099 2709 paret.
1133 2626 1179 2691 Ac
1192 2626 1257 2690 iam
1273 2624 1408 2688 vidimus
1428 2628 1583 2705 quantum
1602 2625 1720 2691 malum
1739 2649 1904 2696 servornm

227 2735 373 2802 condicio
395 2734 554 2800 veteribus
574 2733 642 2798 visa
667 2739 751 2799 esset
776 2753 873 2816 supra
902 2754 974 2818 pag.
1000 2737 1049 2808 17,
1070 2737 1104 2796 et
1127 2751 1198 2794 cum
1226 2728 1266 2794 de
1288 2728 1462 2812 Aeschylon
1490 2728 1679 2810 (loasandra,
1709 2732 1750 2798 de
1780 2734 1848 2802 Iole
1870 2745 1906 2805 et

225 2844 414 2911 Tecumeesa
425 2839 589 2923 Sophoclis
602 2840 810 2924 loquebamur
823 2860 896 2924 pag.
907 2846 956 2906 25.
972 2840 1085 2918 27sq.;
1107 2832 1273 2899 confirmat
1286 2853 1381 2916 quam
1395 2853 1490 2915 grave
1513 2833 1555 2897 sit
1575 2834 1688 2900 alienis
1709 2836 1904 2920 hominibus,

232 2950 385 3025 inimicis,
412 2947 557 3013 hostibus
578 2946 695 3012 servire
722 2944 885 3028 Antigona
906 2938 1094 3021 Euripides,
1124 2960 1205 3023 quae
1237 2940 1272 3004 in
1291 2939 1450 3005 Phoeniss
1473 2960 1501 3006 v.
1527 2946 1586 3006 190
1609 2941 1746 3008 Dianam
1766 2948 1904 3030 supplex

224 3053 374 3138 inplorat,
388 3054 425 3115 ut
437 3049 623 3115 servitutem
640 3067 660 3110 a
675 3066 708 3110 se
723 3050 859 3123 avertat,
883 3050 916 3111 et
928 3043 1087 3125 Polyxena
1107 3041 1216 3107 multis
1231 3041 1309 3107 locis
1322 3040 1412 3127 (Hec.
1427 3063 1453 3104 v.
1464 3045 1526 3108 357
1534 3063 1602 3126 sqq.
1614 3051 1684 3111 420.
1695 3048 1780 3132 5²5h
1797 3072 1904 3132 neque

228 3157 334 3223 minus
356 3174 452 3240 grave
478 3150 598 3216 malum
619 3154 740 3214 veteres
760 3149 795 3212 in
817 3168 855 3214 eo
877 3169 946 3214 esse
977 3148 1227 3220 arbitrabantur,
1259 3148 1286 3212 si
1314 3148 1385 3231 quis
1406 3148 1496 3213 exsul
1516 3149 1615 3214 vitam
1636 3149 1767 3235 degeret
1787 3159 1902 3236 procul

227 3261 322 3326 domo
343 3265 377 3322 et
398 3257 504 3339 patria
516 3255 586 3339 (cir.
598 3254 708 3334 Eurip.
721 3253 876 3320 Electra.
892 3259 1046 3336 l3ldsq.:
1068 3250 1155 3329 τίνες
1177 3243 1278 3314 ἄλλαι
1295 3251 1454 3329 στοναχαὶ
1473 3248 1607 3331 μείζους
1629 3246 1723 3340 ἢγῆς
1738 3257 1904 3347 πατρῴας

225 3359 307 3448 ὅρον
321 3356 504 3438 enatuere,-
526 3356 609 3422 Med.
621 3361 684 3421 643
694 3376 778 3438 sqq:
802 3348 828 3419 ὦ
847 3353 984 3442 πατρίς,
1005 3347 1032 3418 ὦ
1055 3351 1204 3436 δώματα,
1227 3353 1273 3440 μὴ
1291 3347 1361 3439 δῆτ’
1380 3346 1503 3431 dimotae
1520 3353 1736 3440 γενοίμαν...
1758 3365 1905 3454 θανάτῳ

227 3459 371 3549 θανάτῳ
394 3456 504 3548 πάρος
526 3458 666 3543 δαμείην
687 3454 817 3547 ἁμέραν
839 3453 931 3525 τάνδ’
955 3454 1152 3537 ἐξανύσασα·
1186 3454 1323 3539 μόχθων
1351 3451 1380 3521 d’
1404 3451 1462 3521 οὐκ
1493 3448 1595 3536 ἄλλος
1624 3456 1775 3550 ὕπερθεν
1798 3460 1820 3554 ἢ
1841 3473 1905 3555 γᾶς

229 3562 379 3652 πατρίας
396 3565 595 3649 στέρεσθαι,
618 3584 645 3626 v.
669 3565 730 3628 798
753 3582 808 3645 sq,
831 3561 992 3646 Hippolyt.
1014 3587 1041 3632 v.
1067 3569 1157 3632 1052.
1183 3566 1263 3629 1092
1286 3582 1362 3646 sqq,
1385 3561 1480 3645 Soph.
1501 3562 1576 3632 Oed.
1593 3565 1658 3633 Col.
1684 3587 1710 3634 v,
1734 3574 1816 3638 1356
1830 3575 1901 3661 sq).

230 3667 294 3734 Sed
314 3667 395 3732 haee
416 3666 502 3732 mala
525 3665 633 3731 omnia
660 3665 810 3732 Hecubae
832 3686 896 3731 non
917 3672 1009 3735 tanta
1035 3669 1188 3744 videntur,
1216 3668 1338 3749 quante
1358 3665 1465 3731 subire
1491 3672 1629 3745 recuset,
1655 3668 1750 3735 modo
1779 3692 1904 3754 poenae

224 3769 267 3837 ab
284 3789 331 3846 eo,
346 3769 489 3852 inquom
510 3789 632 3834 summo
649 3769 722 3834 odio
737 3769 823 3848 furit,
845 3771 971 3855 exigere
992 3775 1100 3856 possit.
1138 3773 1293 3855 Superato
1309 3770 1408 3855 igitur
1427 3770 1513 3835 omni
1535 3775 1635 3848 metu,
1656 3773 1767 3856 quiex
1789 3779 1900 3844 servili

226 3872 412 3941 condicione
433 3870 532 3936 etiam
558 3871 594 3935 in
621 3871 780 3939 nobilibus
809 3874 993 3942 hominibus
1018 3877 1105 3944 nasci
1136 3878 1217 3944 solet
1238 3875 1371 3962 (Hecnb.
1393 3897 1420 3942 v.
1445 3881 1504 3941 741
1529 3895 1575 3958 sq.
1597 3878 1658 3942 798
1679 3898 1724 3961 sq.
1748 3880 1833 3965 822)
1856 3883 1902 3948 ad

223 3983 349 4046 tantam
365 3973 511 4060 procedit
526 3974 661 4055 rabiem,
682 3983 718 4042 ut
732 3979 831 4044 vitam
845 3979 981 4046 liberam
995 4001 1146 4065 spernens
1161 3986 1195 4049 et
1208 3985 1277 4047 tota
1289 3981 1323 4044 in
1339 3977 1519 4045 ulciscendo
1530 3977 1753 4062 Polymestoris
1776 3983 1904 4054 scelere

224 4087 381 4164 occupata
400 4078 481 4142 haec
502 4075 590 4142 dicat
611 4099 638 4144 v.
650 4084 712 4147 756
724 4100 787 4163 sq:
811 4075 851 4146 οὐ
873 4085 975 4168 θῆτα·
998 4083 1075 4162 τούς
1089 4081 1211 4160 κακοὺς
1227 4083 1264 4148 δὲ
1280 4081 1510 4168 τιμωρουμένη
1527 4079 1632 4146 αἰῶνα
1648 4080 1705 4147 τὸν
1720 4080 1902 4165 ξύμπαντα

226 4184 408 4248 δουλεῦσαι
430 4178 541 4259 θέλω,
571 4201 675 4264 neque
703 4181 829 4248 dubitet
856 4184 949 4250 maha
978 4187 1100 4253 artibus
1129 4191 1162 4252 et
1182 4186 1308 4255 Venere
1339 4186 1505 4264 advocata,
1536 4192 1700 4253 maternae
1728 4188 1904 4274 dignitatis

222 4289 310 4355 hand
333 4289 411 4354 satis
440 4308 569 4365 memor,
597 4288 866 4373 Agamemnonem
896 4290 1091 4360 Cassandrae
1119 4311 1227 4359 amore
1257 4290 1444 4355 obstrictum
1473 4289 1507 4353 in
1536 4311 1608 4356 suas
1629 4297 1738 4373 partes
1765 4288 1904 4367 hahere

224 4391 314 4469 (ibid.
335 4414 362 4456 r.
389 4397 452 4459 824
473 4391 565 4479 sqq).
610 4391 698 4470 Quae
722 4395 852 4479 quidem
874 4419 933 4474 res,
954 4398 989 4461 in
1010 4420 1074 4484 qua
1094 4418 1159 4463 non
1181 4396 1285 4461 minor
1306 4394 1441 4461 foeditas
1463 4396 1604 4466 cernitur
1625 4418 1720 4481 quam
1741 4401 1775 4466 in
1797 4406 1904 4472 erotis

224 4493 452 4578 Polymestoris
472 4494 573 4560 oeulis
594 4499 628 4560 et
648 4495 723 4562 filiis
743 4498 924 4576 trucidatis,
957 4501 1045 4567 nulla
1065 4500 1206 4584 profecto
1235 4501 1360 4566 ratione
1386 4499 1517 4582 probari
1546 4506 1666 4581 potest3
1697 4501 1904 4574 demonstrat

223 4602 333 4663 autem
345 4597 406 4664 hoc
426 4597 531 4664 dirum
548 4600 741 4682 exemplum,
762 4602 860 4667 etiam
878 4600 1063 4684 Euripidem
1085 4599 1245 4666 interdum
1265 4619 1417 4680 personas
1439 4599 1489 4665 vel
1506 4599 1700 4664 miserrimas
1720 4621 1784 4666 non
1805 4608 1905 4671 tanto

220 4704 347 4769 vinctam
372 4703 481 4768 mortis
503 4703 662 4771 desiderio
683 4704 826 4783 finxisse,
855 4712 892 4769 ut
912 4706 1011 4771 vitam
1031 4703 1117 4770 omni
1146 4705 1269 4770 ratione
1298 4702 1489 4785 profundere
1511 4710 1672 4784 cuperent.
1717 4704 1825 4789 Atque
1848 4708 1902 4774 in·

222 4825 334 4874 manes
360 4802 488 4888 quidem
508 4826 626 4889 poenas
646 4807 797 4875 adsecma
811 4810 944 4876 Hecuba
963 4811 991 4875 si
1012 4812 1093 4877 nihil
1115 4818 1217 4890 curat,
1239 4810 1396 4896 quomodo
1415 4816 1472 4876 aut
1489 4811 1688 4876 moriendum
1709 4817 1766 4878 aut
1785 4815 1902 4884 viren-

221 4911 298 4977 dnm
321 4907 384 4976 sibi
413 4906 471 4986 sit,
500 4913 534 4973 et
562 4931 665 4994 neque
691 4912 804 4978 mortis
824 4933 927 4996 neque
949 4913 1034 4981 vitae
1055 4913 1213 4981 desiderio
1233 4920 1362 4982 tenetur
1383 4912 1472 4999 (ibid.
1496 4935 1523 4980 r.
1547 4918 1646 4980 12⁷4:
1680 4907 1779 4981 οὐδὲν
1800 4918 1905 4997 μέλαν

220 5036 282 5094 μοι
300 5015 365 5079 τοῦ
380 5010 419 5097 γέ
438 5030 500 5092 μοι
515 5006 631 5090 δόντας
645 5013 765 5103 δίκην),
787 5036 881 5084 nemo
902 5017 965 5083 erit
985 5017 1041 5100 qni
1055 5015 1196 5097 miretur,
1217 5017 1368 5102 quoniam
1382 5016 1410 5082 is
1426 5022 1535 5099 poeta,
1556 5016 1611 5098 qui
1626 5014 1724 5082 talem
1742 5015 1913 5106 effingere
