4236 5624
214 721 255 784 30

217 882 278 946 nisi
298 881 449 947 inrisione
468 880 607 966 quadam
627 901 691 946 non
712 881 928 963 proferuntur,
952 902 1037 965 quae
1059 881 1170 946 inrisio
1185 880 1316 947 Orestae
1330 881 1426 946 minis
1447 887 1480 948 et
1498 881 1628 946 fastidio
1645 881 1900 964 despicatisn'mi

218 993 252 1055 et
271 988 533 1070 contemptissimi
556 988 694 1053 heminis
715 1009 780 1053 non
801 990 957 1053 minuitur
976 987 1064 1071 (ibid.
1085 993 1173 1053 1517.
1197 987 1307 1070 1527);
1327 985 1415 1051 etin
1436 984 1686 1050 Heraclidarnm
1707 1006 1738 1050 v.
1761 990 1900 1070 lbfbsq

222 1098 301 1160 1026
317 1091 526 1176 Eurystheus,
549 1091 605 1174 qui
626 1093 743 1155 iirtute
764 1090 906 1173 profecto
927 1111 991 1156 non
1013 1091 1200 1168 excellebat,
1223 1092 1307 1156 ritae
1327 1111 1437 1155 amans
1460 1090 1588 1172 quidem
1603 1089 1748 1175 fingitur
1764 1090 1903 1172 (θανεῖν

219 1192 258 1263 οὔ
277 1196 416 1284 χρῄζω),
440 1197 495 1263 sed
516 1196 606 1261 haud
626 1196 762 1260 multum
783 1216 913 1271 curans,
942 1197 968 1259 si
997 1216 1015 1261 e
1036 1196 1103 1260 rita
1122 1197 1185 1261 sibi
1206 1198 1249 1260 sit
1269 1195 1485 1262 decedendum
1509 1197 1656 1278 potentia
1679 1203 1786 1262 exuto
1805 1204 1898 1281 atquc

218 1301 376 1367 libertate.
414 1301 456 1364 Et
476 1304 563 1364 reete
584 1297 714 1381 quidem
736 1297 932 1380 Eurystheus
954 1297 1052 1362 sitam
1069 1305 1169 1375 amat,
1189 1304 1323 1364 mortem
1343 1305 1508 1380 superatus
1530 1319 1595 1362 non
1615 1299 1730 1374 timet,
1753 1298 1815 1364 sed
1833 1305 1897 1364 tob

220 1405 318 1480 ratio,
340 1424 404 1487 qua
424 1403 459 1467 in
476 1409 619 1468 exhemn
635 1400 819 1466 fabularer
836 1423 868 1466 se
890 1401 986 1483 gerit,
1007 1401 1041 1466 id
1063 1401 1176 1479 efficit,
1197 1410 1234 1467 ιιι
1253 1403 1438 1467 inrisionem
1452 1401 1612 1484 quandam
1631 1407 1666 1467 et
1683 1402 1776 1467 ritae
1794 1401 1895 1486 negle-

221 1510 363 1595 gentiam
384 1508 567 1573 sentiamus.
613 1505 651 1568 ln
673 1504 785 1586 primis
807 1509 915 1567 antem
942 1503 976 1566 in
1003 1504 1139 1570 Alcestis
1166 1504 1287 1583 fabula,
1316 1526 1411 1588 quam
1437 1505 1563 1586 vigente
1591 1510 1703 1570 aetate
1726 1504 1898 1588 Euripides

221 1611 384 1696 docuit*),
406 1608 595 1690 disceptatio
616 1606 674 1671 illa
695 1607 780 1671 inter
801 1605 971 1669 Admetum
994 1613 1026 1670 et
1047 1607 1214 1675 Pheretem
1235 1615 1360 1691 patrem
1380 1631 1438 1675 nos
1459 1608 1608 1674 offendit:
1640 1631 1721 1674 nam
1745 1611 1897 1676 etiamiu

223 1713 378 1784 eiusmodi
403 1712 524 1788 fabula,
556 1732 637 1794 quae
663 1709 793 1791 satyrici
820 1707 988 1780 dramatis,
1019 1707 1104 1790 quod
1125 1708 1250 1784 dicitur,
1270 1709 1339 1772 loco
1361 1709 1523 1792 agebatur,
1550 1708 1712 1774 modestia
1733 1710 1893 1794 quaedam

224 1817 408 1888 adhibenda
430 1814 563 1880 ridetur.
607 1813 669 1879 Sed
698 1834 779 1896 quae
805 1833 913 1876 rerum
941 1812 1230 1896 sententiarumque
1260 1815 1436 1878 conversio!
1478 1814 1607 1879 incusat
1629 1815 1721 1879 enim
1744 1816 1898 1882 Admetus

225 1931 351 2007 patrem
369 1927 402 1986 et
415 1921 541 1984 omnino
557 1938 661 1994 senes,
684 1914 768 1999 quod
784 1921 919 1979 mortem
933 1912 994 1977 sibi
1010 1917 1160 1991 exoptent
1174 1911 1301 1994 quidem
1317 1917 1511 1977 senectutem
1527 1913 1727 1998 longumque
1742 1919 1895 1999 tempori

227 2027 365 2109 spatium
386 2024 549 2090 fastidient
536 2031 598 2099 t,es
624 2023 652 2086 si
680 2041 754 2085 vero
775 2020 950 2109 propius
928 2018 1096 2082 accesserit
1116 2040 1213 2098 mors,
1245 2021 1348 2084 nolint
1372 2022 1454 2086 mori
1473 2043 1576 2104 neque
1598 2023 1683 2086 senii
1706 2025 1896 2107 gravitatem

224 2134 291 2199 iam
312 2131 435 2198 sentian
382 2128 539 2214 ran.t(cfr
561 2149 588 2193 ι.
611 2130 673 2192 669
697 2125 787 2207 sqq..)
836 2122 922 2185 Bene
945 2141 978 2184 se
1000 2119 1142 2185 defendit
1162 2123 1280 2188 Pheres
1305 2129 1338 2189 et
1364 2125 1542 2190 rarissimas
1563 2125 1691 2207 profert
1714 2131 1900 2205 sententias,

227 2261 305 2324 quas
331 2258 424 2302 nemo
452 2236 515 2300 erit
540 2233 596 2316 qui
623 2229 783 2312 inprobet,
812 2249 839 2290 ι.
863 2231 925 2292 682
947 2245 1030 2308 sqq..
1063 2217 1245 2310 ὀφείλωὸ
1267 2221 1324 2306 οὐχ
1356 2222 1600 2314 tutatum
1627 2231 1748 2297 σέθεν
1775 2227 1817 2299 οὗ
1843 2235 1899 2320 γὰρ

229 2343 384 2428 παιρῶον
406 2332 495 2402 τόνδ’
513 2332 676 2416 ἐδεξάμην
698 2330 832 2412 νόμον
825 2324 957 2392 παίδων
979 2323 1233 2414 apallaream
1224 2352 1388 2416 ’τατερας
1413 2323 1483 2394 οὐδ’
1503 2327 1574 2395 Ελλ
1560 2329 1766 2416 ληιιιιόν...
1755 2336 1902 2424 .χαι’(νεις

227 2442 315 2534 ὁρῶν
338 2448 424 2531 φώς·
456 2439 587 2525 πατέρα
617 2432 646 2500 d’
671 2429 710 2499 οιι
730 2431 859 2520 χαίρειν
881 2431 1008 2511 ὄοκιίς;
1040 2420 1093 2516 ἧι
1081 2430 1145 2514 μὴν
1170 2430 1315 2497 ,ιἰολιν
1305 2458 1341 2518 ys
1362 2434 1418 2498 adv
1446 2431 1535 2499 κάτω
1558 2435 1745 2521 λογίζομαι
1776 2439 1900 2565 χρόνον,

229 2547 267 2612 sd
290 2548 326 2613 δὲ
351 2546 404 2631 ζῖν
425 2542 554 2627 μικρόν,
579 2535 688 2605 ἀλλΗ
676 2537 766 2622 ιιμιος
788 2535 942 2622 ιλιικι.
964 2532 1085 2617 .’σι’;’·α
1109 2530 1273 2616 adfuisti*
1297 2534 1327 2600 εἰ
1348 2559 1388 2602 σιι
1410 2536 1468 2623 τὴν
1489 2542 1615 2603 σαυτοῦ
1639 2542 1763 2624 φιλεῖς
1787 2544 1898 2669 ψιλήν,

230 2648 378 2740 φιλεῖν“
363 2648 525 2725 α’παντας
545 2671 571 2711 v
595 2656 672 2715 712:
704 2650 796 2732 ψυχῇ
820 2649 883 2732 μιᾷ
913 2645 975 2729 ζῆν,
1006 2638 1044 2708 ori
1074 2642 1166 2706 δυοῖν
1195 2633 1387 2722 ciprii-ouen.
1417 2664 1443 2704 ι.
1469 2647 1545 2706 712:
1578 2639 1749 2726 φίλον
1711 2671 1751 2711 το
1782 2649 1897 2733 φέγγος

229 2759 329 2821 τοῦτο
351 2756 412 2818 τοῦ
433 2754 527 2819 θεοῦ
553 2749 609 2837 φίλ
606 2775 664 2814 ..ον
711 2750 772 2817 Sed
794 2749 938 2815 Pheretis
959 2768 1106 2830 persona,
1133 2745 1250 2810 iniuste
1229 2745 1399 2829 eignavia
1419 2746 1558 2829 quadam
1579 2770 1599 2813 a
1620 2754 1724 2828 poeta
1749 2751 1898 2835 adspersa

230 2857 298 2943 (cfr.
317 2879 345 2923 ι’.
368 2860 429 2921 723
452 2875 535 2938 sqq:
566 2853 668 2918 κακὸν
689 2855 728 2918 τὸ
754 2855 844 2936 λῆιια
872 2874 952 2915 κοιικ
981 2848 1015 2914 ἐν
1043 2843 1201 2930 ἀνδράσιν
1224 2848 1262 2912 τὸ
1286 2847 1378 2930 σόν),
1409 2849 1500 2914 nobis
1528 2850 1656 2932 plaeere
1690 2876 1762 2920 non
1795 2864 1900 2939 potest

229 2959 343 3043 Iniqua
364 2957 507 3040 poposcit
530 2955 633 3019 mollis
656 2954 821 3018 Admetus:
845 2953 944 3017 animi
967 2950 1184 3035 magnitudine
1207 2959 1296 3018 earet
1318 2954 1444 3021 Pheres.
1495 2955 1533 3019 ln
1554 2962 1695 3040 utraque
1719 2970 1820 3042 parts
1839 2984 1902 3045 pse

229 3069 320 3128 catur
341 3068 374 3126 et
395 3060 497 3144 magis
526 3058 739 3139 sophistarum
769 3077 855 3121 more
884 3055 1080 3138 disceptatur
1108 3077 1203 3139 qnam
1233 3066 1269 3122 ut
1299 3081 1450 3123 sanorum
1475 3062 1641 3127 hominum
1675 3069 1812 3135 ratione
1836 3067 1905 3153 qnid

228 3167 396 3230 honestum
416 3165 459 3228 sit
477 3169 510 3228 et
524 3163 601 3227 utile
624 3162 782 3238 docentur,
804 3184 844 3227 ex
861 3182 923 3243 quo
939 3163 1021 3227 male
1036 3163 1281 3245 philosophandi
1296 3164 1400 3228 stutho
1418 3186 1516 3229 nuvae
1533 3171 1716 3232 nascuntur
1731 3172 1904 3238 sensenna

228 3271 271 3334 ab
294 3269 424 3350 antique
448 3267 641 3331 Graecorum
667 3264 793 3347 ingenio
815 3283 944 3344 prorsus
965 3262 1097 3327 alienae.
1154 3261 1264 3344 Neque
1286 3284 1360 3327 vero
1389 3263 1468 3327 illud
1490 3264 1749 3346 philosophandi
1772 3273 1905 3338 stuli-

230 3369 392 3451 Emipidis
419 3368 524 3431 animo
552 3364 684 3428 infixum
711 3364 778 3428 sola
798 3383 909 3426 caussa
934 3361 1030 3425 fuisse
1053 3362 1183 3439 videtur,
1211 3387 1251 3427 ex
1272 3387 1336 3447 qua
1357 3365 1414 3430 illa
1436 3367 1518 3430 vitae
1546 3367 1784 3452 despicientia,
1813 3398 1901 3460 quan

231 3494 303 3537 cum
325 3473 408 3536 ritae
430 3469 563 3534 caritate
585 3467 721 3550 quodam
750 3466 841 3530 modo
862 3471 1056 3549 pugnantem
1086 3483 1181 3543 saepe
1209 3467 1379 3543 conminus,
1409 3474 1566 3547 oreretur,
1595 3473 1753 3553 accessit,
1788 3484 1827 3540 ut
1846 3478 1902 3541 iam

233 3579 328 3637 antea
348 3570 429 3646 dixi,
451 3568 563 3631 innata
579 3565 734 3649 quaedam
757 3571 888 3630 naturae
910 3563 1041 3627 tristitia
1064 3570 1097 3628 et
1118 3567 1299 3644 austeritas,
1320 3591 1415 3651 qnam
1432 3593 1504 3634 cmn
1522 3572 1682 3655 granata
1704 3579 1907 3645 coniunctam

231 3679 266 3743 in
287 3694 492 3759 personarum
508 3677 636 3753 apoeta
657 3669 802 3733 fictarum
818 3667 958 3732 moribus
980 3664 1159 3727 etiamnunc
1179 3670 1404 3750 cognoscimus.
1448 3672 1550 3747 Quam
1573 3673 1614 3737 ob
1636 3695 1794 3744 caussam
1816 3682 1906 3746 etim

232 3780 459 3862 Aristophanes
480 3783 547 3841 tam
565 3774 679 3840 acerbe
702 3772 888 3854 Euripidem
909 3772 1082 3834 insectatus
1102 3788 1169 3833 esse
1191 3770 1316 3835 ridetur
1338 3780 1435 3855 atquc
1457 3776 1585 3840 omnino
1607 3798 1742 3845 morum
1761 3786 1905 3869 antiqu>

231 3905 302 3948 rum
326 3888 358 3947 et
384 3880 487 3945 laetae
514 3879 731 3962 gloriosaeque
761 3878 845 3941 sitae
874 3876 1014 3939 fautores
1041 3870 1109 3935 eius
1135 3870 1260 3939 fabulas
1289 3898 1437 3959 magnam
1464 3884 1588 3959 partem
1616 3879 1835 3965 inprobasse,
1860 3886 1909 3970 qui

231 3987 372 4055 moribus
394 3985 510 4050 severis
531 3984 571 4049 ad
600 3982 803 4047 umbratilem
831 3982 929 4044 vitam
961 3974 1140 4052 inclinarit,
1170 3996 1190 4039 a
1217 3977 1313 4041 rebus
1343 3981 1488 4044 civilibus
1515 3980 1655 4046 alienam
1683 3992 1722 4050 et
1749 3991 1909 4056 veterib!

230 4093 367 4157 inertem
389 4088 486 4151 risam
508 4093 540 4151 et
558 4086 756 4168 probrosam,
778 4084 833 4167 qui
854 4083 1017 4147 nocturnis
1039 4080 1124 4144 inter
1146 4082 1287 4163 amplum
1302 4083 1458 4149 librorum
1474 4085 1667 4166 adparatum
1685 4092 1905 4159 meditationi·

231 4199 290 4263 bus
311 4197 353 4262 ad
375 4216 446 4262 eam
468 4193 632 4258 audaciam
655 4192 815 4274 pervenit,
845 4198 879 4256 nt
902 4213 965 4256 non
986 4189 1087 4254 solum
1108 4188 1306 4253 sacerdotmn
1328 4195 1361 4253 ct
1384 4197 1502 4266 vatum,
1529 4190 1671 4269 ipsorum
1695 4195 1905 4280 antiquorum

232 4300 361 4366 deonmr
383 4297 606 4364 auctoritatem
628 4294 663 4358 in
690 4293 821 4357 dubium
843 4299 971 4358 uocaret
994 4293 1062 4377 (cfr.
1085 4314 1164 4377 quos
1189 4294 1274 4358 locos
1295 4293 1402 4359 adfert
1422 4294 1533 4360 Nauck
1554 4295 1589 4358 in
1611 4297 1756 4376 praefat.
1779 4302 1905 4387 editp

231 4402 321 4467 XXX
335 4402 490 4469 adnotatt.
505 4407 555 4465 54.
578 4406 627 4477 55,
648 4404 680 4463 οι
699 4418 795 4479 supra
810 4419 881 4482 pag.
898 4399 960 4482 13),
981 4398 1037 4463 sed
1059 4399 1156 4463 etiam
1177 4403 1244 4461 tam
1266 4403 1448 4463 constanter
1466 4405 1500 4464 et
1518 4405 1584 4463 tam
1603 4399 1743 4483 lugubri
1764 4407 1908 4473 oratiam

237 4559 486 4570 -Ψ-

352 4665 377 4725 *)
395 4663 518 4716 Ceterum
538 4659 653 4713 Alcestis
670 4658 787 4712 fabulam
806 4671 864 4710 eam
881 4672 954 4720 esso,
978 4658 1117 4724 quadrae
1137 4658 1234 4710 caritas
1252 4657 1364 4711 maxime
1382 4658 1509 4725 probetur
1528 4657 1587 4725 (cfr.
1606 4676 1629 4710 ι.
1649 4661 1722 4716 301ι
1746 4673 1846 4737 norff
1862 4668 1910 4739 γὰρ

233 4746 317 4801 older
335 4745 387 4797 ισιι
405 4743 593 4817 τιμιώτερον),
614 4750 685 4796 recte
703 4750 790 4795 monet
809 4740 962 4805 Reisaclrer,
981 4741 998 4792 l.
1013 4756 1035 4793 c.
1053 4758 1077 4809 p.
1099 4742 1203 4806 XXIII,
1226 4743 1271 4809 qui
1293 4743 1359 4796 haec
1381 4742 1457 4796 dicit:
1484 4748 1593 4796 Alcestis
1614 4748 1648 4798 ise
1668 4750 1704 4800 a.
1732 4754 1909 4810 mep.

231 4853 278 4885 ιιιιν
296 4832 336 4881 ein
356 4828 472 4879 Gerunda
488 4834 532 4881 (ια
550 4835 635 4882 inum
646 4829 850 4895 Seefeulampsu
867 4832 909 4881 ιιιίι
925 4831 979 4880 dem
1001 4833 1080 4888 Tode.
1114 4835 1202 4886 Daret
1220 4838 1262 4886 die
1277 4856 1357 4901 ponte
1375 4838 1539 4904 llorstclfnnp
1556 4841 1621 4890 ziett
1641 4843 1699 4894 sic&
1720 4847 1772 4898 do·
1788 4849 1907 4903 &aab

232 4927 290 4987 λιιι,
311 4923 375 4972 dau
394 4919 443 4968 das
463 4920 542 4970 [κιαι
558 4924 610 4972 dem
629 4923 766 4972 Memcten
786 4929 857 4986 asise,
877 4924 922 4973 der
944 4922 1001 4972 Tod
1021 4927 1135 4976 verbam
1151 4926 1191 4975 ist.
1220 4926 1328 4974 Alcestis
1342 4927 1490 4977 riberwindct
1508 4927 1555 4977 ιίιινι
1574 4925 1632 4976 Tod
1649 4929 1737 4984 ἀνά
1756 4935 1906 5003 λιὶςνιρή

233 5011 309 5062 Ls'ebc
328 5026 382 5058 nrm
404 5004 509 5064 Gatten,
535 5011 593 5058 aber
611 5029 656 5060 ιιιιν
673 5010 715 5060 mit
732 5011 888 5074 ιιιιιᾶαίίιλιιν
905 5009 975 5062 Nolle
996 5011 1047 5059 und
1064 5011 1149 5076 Klnqe
1166 5021 1210 5061 etc.
1229 5021 1275 5059 etc.
