4236 5624
1002 1945 1051 2008 Μὴ
1070 1943 1104 2008 «lq'
1122 1964 1170 2012 ¹nor
1191 1941 1314 1999 θάνατόν
1333 1967 1363 2017 7¹1
1384 1946 1522 2016 nepetae.
1543 1951 1654 2018 φαίδιμ’
1667 1951 1809 2013 Ὀδυσσεῦ,

1000 2034 1152 2099 βουλοίμην
1168 2031 1190 2081 κ’
1206 2030 1358 2101 inciperem·
1376 2033 1429 2085 loir
1447 2039 1598 2104 bqrrrrquer
1617 2031 1700 2103 itte,

999 2118 1078 2186 ἀνδρὶ
1099 2118 1162 2186 παρ’
1183 2118 1305 2187 ἀκλήρῳ,
1325 2110 1346 2187 ql
1364 2120 1403 2189 μὴ
1423 2129 1512 2186 βίοτος
1532 2123 1617 2182 ποὶίτ
1637 2128 1686 2191 th,

1000 2201 1015 2269 i}
1035 2210 1123 2258 πᾶσιν
1140 2203 1262 2259 νεκύεσσι
1284 2213 1515 2277 sarug-‘lupercam
1536 2209 1695 2265 νανάσσιιν.

199 2348 247 2485 llt
268 2418 300 2480 in
318 2416 461 2481 omnibus
478 2415 584 2489 rebus,
607 2435 687 2497 quae
704 2413 744 2479 ed
761 2422 901 2481 veterum
914 2417 1105 2482 Graecorum
1122 2414 1169 2481 sel
1185 2413 1341 2480 sentiendi
1358 2415 1405 2481 rel
1421 2418 1502 2483 ritae
1519 2417 1680 2505 degendae
1698 2424 1855 2492 rationem

197 2528 352 2603 sprectam,
374 2522 419 2586 ita
434 2521 531 2585 etiam
547 2520 580 2584 in
596 2518 833 2586 considerandis
847 2520 1117 2604 diiudicandisque
1135 2520 1325 2604 tragicorum
1340 2526 1503 2601 poetanmr
1520 2522 1560 2587 de
1574 2530 1674 2590 morte
1688 2528 1857 2594 sententiis

197 2628 238 2694 ab
256 2629 391 2693 Homero
406 2625 583 2692 exeundum
599 2625 876 2711 quaerendumque
891 2649 958 2692 esse
975 2626 1051 2710 quid
1069 2627 1121 2691 hic
1136 2627 1264 2710 eiusque
1281 2627 1428 2710 aequales
1444 2627 1483 2694 de
1501 2636 1600 2695 morte
1615 2638 1648 2696 et
1663 2630 1702 2697 de
1724 2635 1857 2701 mortuis

199 2734 391 2808 consuerint,
415 2732 466 2794 six
487 2731 549 2795 erit
570 2731 624 2813 qui
642 2751 704 2794 non
720 2731 879 2797 concedat
919 2733 1115 2815 Quamquam
1131 2732 1213 2797 enim
1231 2753 1292 2795 non
1309 2752 1436 2813 prorsus
1450 2731 1645 2823 adsentimur
1662 2735 1856 2823 Herodoto‘)

197 2835 315 2899 dicenti
339 2834 508 2898 Homerum
531 2840 563 2899 et
585 2832 756 2899 Hesiodum
777 2836 907 2902 Graecis
928 2836 1129 2937 theogeniam
1152 2834 1292 2911 finxisse,
1315 2836 1374 2899 boc
1396 2843 1501 2901 tarmen
1524 2846 1660 2913 constat,
1684 2839 1857 2906 Homerum

197 2944 305 3025 quales
331 2963 433 3006 moros
454 2947 558 3005 essent
584 2941 747 3005 bominum
775 2941 838 3007 illis
863 2940 1091 3025 antiquissimis
1113 2939 1306 3022 temporibus
1334 2940 1511 3022 aequalium
1542 2950 1575 3007 et
1601 2943 1738 3026 quidde
1761 2945 1858 3012 rebus

198 3047 312 3111 ‹lis-inis
330 3046 538 3128 humanisque
558 3044 712 3109 sentirent
731 3043 932 3127 descripsisse
953 3045 1187 3126 descriptisque
1209 3044 1342 3127 posteris
1356 3043 1532 3111 tradidisse.
1571 3045 1631 3111 Sed
1648 3069 1718 3112 cum
1734 3058 1854 3132 tempo

199 3155 286 3218 ribus
308 3152 436 3217 mutatis
458 3150 553 3215 etiam
576 3170 678 3214 mores
700 3149 861 3214 bominum
887 3155 919 3214 ct
941 3147 1095 3214 sentiendi
1124 3148 1205 3211 ratio
1228 3148 1342 3212 mutari
1373 3148 1509 3226 soleant,
1539 3172 1632 3232 saepe
1656 3151 1691 3215 fit
1714 3160 1748 3216 ut
1770 3153 1857 3238 qnod

199 3260 356 3325 veteribus
376 3253 589 3338 adpetendum
611 3255 814 3329 munerat,
842 3253 1024 3339 fugiendum
1045 3253 1273 3319 recentioribus
1295 3254 1446 3331 videatur,
1472 3257 1556 3340 quod
1579 3257 1761 3342 fugiendum
1784 3263 1858 3343 llll&

199 3367 248 3430 bis
270 3361 490 3446 adpetendum.
547 3360 655 3445 Neque
678 3383 751 3427 vero
778 3362 832 3445 qui
861 3382 960 3444 paone
983 3359 1172 3426 contrariam
1195 3360 1380 3426 Homericae
1402 3362 1500 3426 aetati
1521 3362 1677 3428 sentiendi
1699 3367 1856 3434 rationem

199 3471 338 3534 inierunt
359 3490 421 3532 non
443 3466 562 3531 habent
583 3464 666 3549 quod
684 3464 725 3530 ad
740 3464 911 3530 Homerum
928 3471 963 3528 ut
976 3470 1136 3529 auctorem
1157 3471 1189 3527 et
1204 3464 1293 3546 quasi
1316 3484 1552 3545 praecursorem
1572 3467 1605 3530 in
1627 3489 1683 3532 sua
1700 3471 1857 3538 sentiendi

199 3578 320 3642 rationo
343 3579 514 3639 recurrant.
557 3573 604 3636 Hx
626 3594 689 3657 quo
711 3573 808 3657 igitur
829 3579 969 3654 temporo
992 3571 1146 3636 Homerus
1169 3566 1293 3632 Ulixem
1317 3575 1406 3633 tanto
1428 3571 1549 3651 patriae
1572 3570 1728 3638 desiderio
1751 3583 1855 3642 tanto·

198 3704 259 3765 quo
276 3679 428 3744 malorum
450 3676 577 3743 fastidio
599 3678 734 3743 finxerat
751 3685 948 3760 conreptum,
968 3684 1004 3740 ut
1025 3676 1105 3740 mori
1125 3684 1265 3756 cuperet.
1287 3674 1422 3740 simodo
1442 3676 1561 3740 sumum
1577 3678 1714 3758 patrium
1728 3680 1859 3749 vidisset

198 3781 440 3850 adscendentem
454 3781 565 3863 (0158),
588 3779 679 3843 multi
701 3787 827 3861 poetae,
849 3777 1013 3860 inprimis
1034 3777 1088 3860 qui
1110 3775 1232 3842 fabulas
1253 3779 1458 3860 scripserunt,
1480 3781 1513 3844 in
1533 3779 1741 3866 depingendis
1758 3787 1857 3853 animi

198 3884 374 3951 adfectibus
391 3882 743 3966 perturbationibusque
765 3875 825 3947 hoc
843 3882 952 3947 mortis
966 3881 1123 3949 desiderio
1138 3882 1300 3964 aptissimo
1321 3884 1368 3947 usi
1383 3890 1456 3949 sunt
1477 3883 1673 3959 adiumento.
1695 3910 1758 3971 quo
1774 3889 1858 3958 mala

199 3991 362 4056 acerbiora
382 3987 552 4054 redderent
573 3993 667 4070 atque
691 3986 870 4052 auditorum
887 3993 1136 4069 spectatorumve
1159 3984 1406 4050 miscricordiam
1423 3995 1584 4071 angerent
1619 3988 1708 4066 Quod
1726 3988 1854 4072 quidem

199 4094 402 4167 desiderium,
426 4112 482 4174 por
503 4113 536 4156 se
558 4112 666 4156 vorum
688 4098 783 4174 atque
805 4090 838 4155 in
857 4090 984 4155 homino
1000 4089 1216 4155 calamitatum
1239 4090 1358 4175 ingenti
1381 4093 1471 4175 quasi
1495 4093 1576 4158 mole
1590 4115 1738 4177 oppresso
1759 4103 1793 4160 et
1814 4097 1857 4165 ud

199 4197 449 4280 desperationem
476 4192 612 4259 adducto
634 4214 784 4276 aequum,
814 4193 874 4257 nisi
900 4191 1023 4258 risendi
1052 4190 1225 4275 cupiditate
1255 4203 1477 4276 compensatur
1507 4204 1539 4261 et
1564 4206 1732 4271 coercetur,
1759 4201 1860 4270 nimia

198 4302 352 4388 quaedam
383 4301 524 4385 gignitur
551 4300 650 4364 animi
682 4298 828 4371 mollitia,
857 4319 951 4381 quam
980 4302 1135 4362 nostrates
1163 4299 1420 4363 Smtr'mentab'toet
1448 4299 1610 4383 adpellant
1636 4324 1792 4387 quamque
1814 4308 1859 4376 ab

198 4405 326 4488 antiqua
348 4408 538 4468 Graecorum
561 4399 717 4465 sentiendi
747 4400 869 4464 ratione
891 4419 1020 4481 prorsus
1041 4398 1178 4463 alienam
1200 4399 1294 4466 brisso
1315 4425 1406 4467 nemo
1429 4406 1489 4469 erit
1511 4406 1564 4488 qui
1587 4413 1687 4490 neget
1732 4408 1856 4480 lnroni-

323 4624 346 4686 ⁸l
364 4619 488 4675 llerodot.
510 4622 548 4685 11,
567 4623 614 4676 53:
641 4612 715 4675 oium
737 4623 771 4675 δέ
787 4626 838 4675 stru
858 4624 884 4675 ol
903 4615 1185 4687 ποιὴηανηςἾῖλὶησι
1206 4628 1354 4691 θεογονίην
1373 4644 1416 4676 rar
1438 4632 1505 4678 rotor
1526 4632 1615 4678 θεοῖσι
1634 4626 1681 4688 τὰς
1699 4631 1859 4699 ἐπωνυμίας

200 4715 244 4764 καὶ
263 4708 343 4780 spark
362 4730 386 4764 re
406 4717 449 4762 καὶ
468 4717 561 4780 τέχνας
578 4709 715 4772 διελόντες
730 4715 775 4764 καὶ
795 4714 868 4766 eldea
887 4710 978 4765 adesir
991 4706 1168 4779 σημήνανιις.
1187 4708 1289 4777 dequo
1307 4711 1363 4763 loeo
1382 4712 1463 4764 multa
1481 4711 1684 4780 disputaverunt
1701 4717 1860 4786 interprete

200 4795 333 4850 Herodoti.
369 4796 515 4852 Luculente
536 4800 640 4868 scripsit
658 4799 692 4853 de
710 4798 801 4854 melem
821 4815 849 4853 re
868 4799 967 4854 Preller
986 4799 1089 4852 (triech.
1110 4799 1253 4868 blptbolog.
1272 4799 1424 4866 Einleitung
1444 4800 1466 4851 t.
1483 4814 1543 4868 ptg.
1566 4804 1597 4857 1³
1616 4817 1672 4869 sqq.

1719 4909 1732 4961 l
